2622 4065
412 317 534 379 256
810 301 1030 374 xvl11.'
1066 313 1913 372 ΛΗΜΟΣΘΕΝΟΥΣ

414 504 550 544 των
596 476 839 559 λόγους
885 480 1221 558 νομίσητε·
1270 468 1309 534 ὅ
1359 494 1421 534 τι
1468 473 1506 533 δ
1515 468 1529 490 ’
1576 463 1703 535 οὖν
1746 473 2092 554 ἐπείσαμεν
2131 468 2315 555 ἡμεῖς

415 579 528 643 καὶ
553 574 594 641 ὁὶ
613 573 770 660 ἡμῖν
791 572 1226 653 ἀπεκρίναντο
1242 618 1259 652 ,
1284 565 1627 632 ἀκούσατε.
1671 566 1839 649 Λέγε
1860 571 2046 634 ταυτὶ
2068 567 2310 653 λαβών.

861 725 1387 810 ΑΠοΚΡΙΣΙΣ,
1428 706 1865 784 ΘΗΒΑΙῼΝ.

296 871 398 922 215
584 850 777 918 Μετὰ
810 857 1018 917 ταῦτα
1054 857 1285 914 τοίνυν
1322 847 1603 912 ἐκάλουν
1640 844 1807 930 ὑμᾶς
1849 849 1958 912 καὶ
2001 847 2319 930 μετεπέμ-

418 976 642 1019 ποντο.
708 954 918 1036 ἐξῇτε,
967 951 1335 1031 ἐβοηθεῖτε,
1378 949 1487 1010 ἵνα
1533 942 1654 1009 τοὲν
1695 948 1869 1031 μέσῳ
1914 949 2315 1023 παραλείπω,

421 1048 632 1125 οὕτως
667 1054 918 1121 οἰκείως
952 1043 1121 1129 ὑμᾶς
1157 1047 1453 1126 ἐδέχοντο
1500 1040 1654 1106 ὥστ’
1697 1048 1815 1118 ἔξω
1853 1049 1986 1106 τών
2029 1039 2319 1105 ὁπλιτῶν

422 1150 533 1213 καὶ
568 1154 700 1211 τῶν
737 1148 991 1211 ἱππέων
1028 1141 1243 1208 ὄντων
1277 1146 1367 1216 είς
1400 1165 1514 1214 τας
1550 1144 1752 1214 οἰκίας
1786 1140 1894 1203 καὶ
1927 1136 1997 1202 τὸ
2027 1135 2189 1200 ἄστυ
2213 1134 2440 1200 δέ-300
2476 1205 2478 1207 ,

422 1254 659 1329 χεσθαι
701 1242 820 1325 τὴν
859 1260 1170 1319 στρατιαν
1206 1240 1307 1304 ἐπὶ
1340 1241 1572 1312 παῖδας
1604 1239 1713 1301 καὶ
1745 1250 2062 1319 γυναῖκας
2096 1235 2203 1298 καὶ
2239 1258 2319 1297 τα

422 1340 791 1425 τιμιώτατα.
864 1344 1075 1403 καίτοι
1108 1363 1255 1418 τρια
1290 1339 1359 1399 ἐν
1393 1339 1608 1418 ἐκείνῃ
1642 1342 1722 1417 τῇ
1745 1330 1952 1416 ἡμέρα
1977 1351 2177 1394 πασιν
2199 1356 2325 1393 αν-

426 1440 726 1523 θρώποις
750 1442 998 1512 ἔδειξαν
1028 1434 1314 1516 ἐγκώμια
1337 1439 1611 1515 Θηβαῖοι
1633 1427 1788 1494 καθ’
1820 1427 2011 1512 υμῶν
2048 1454 2126 1491 τα
2162 1423 2325 1490 κάλ-

428 1548 647 1618 λιστα,
674 1539 747 1600 ἓν
770 1561 889 1617 μεν
914 1532 1298 1614 ανδρείας,
1275 1555 1499 1610 ετερον
1525 1528 1593 1593 δε
1618 1525 2067 1607 δικαιοσύνης,
2102 1531 2323 1606 τρίτον

430 1637 500 1702 δὲ
527 1633 983 1752 σωφροσύνης.
1058 1631 1165 1694 καὶ
1199 1654 1325 1711 γαρ
1361 1628 1477 1692 τὸν
1514 1651 1738 1709 αγωνα
1759 1620 1916 1706 μεθ’
1943 1646 2134 1704 υμων
2158 1627 2327 1702 μαλ-

426 1743 549 1799 λον
590 1760 629 1816 η
675 1728 838 1855 πρὸς
883 1755 1054 1811 υμας
1097 1727 1394 1809 ἑλόμενοι
1436 1724 1841 1807 ποιήσασθαι
1874 1722 1983 1785 και
2019 1716 2326 1801 αμείνους

429 1830 597 1897 εἶναι
643 1830 750 1894 καὶ
795 1822 1154 1906 δικαιότερ’.
1191 1823 1421 1900 αξιοῦν
1452 1821 1621 1904 υμᾶς
1655 1826 1923 1903 ἑκριναν
1962 1823 2320 1881 Φιλίππου·

425 1933 539 1996 ’καὶ
560 1955 639 1994 τα
665 1924 818 2006 παρ’
849 1924 1069 2000 αὐτοις
1092 1924 1200 1988 καὶ
1224 1946 1401 2004 παρα
1424 1928 1581 1984 πᾶσι
1605 1916 1665 1983 δ’
1706 1922 1775 1982 ἐν
1811 1923 2074 1998 πλείστῃ
2110 1920 2328 1995 φυλα-

427 2039 530 2116 κῇ,
560 2032 794 2103 παιδας
817 2027 926 2091 καὶ
949 2038 1296 2107 γυναικας,
1325 2017 1429 2103 ἐφ’
1469 2016 1625 2102 υμῖν
1650 2014 2035 2098 ποιήσαντες
2061 2030 2329 2092 σωφρο-
2374 2082 2378 2086 ,

307 2144 409 2196 216
430 2127 638 2208 σύνης
662 2131 882 2188 πίστιν
903 2123 1049 2203 περὶ
1071 2146 1263 2202 υμων
1288 2123 1538 2199 ε’χοντες
1562 2120 1826 2190 ἔ.δειξαν
1886 2115 1959 2177 ἐν
1985 2136 2077 2184 οις
2101 2115 2322 2189 πᾶσιν,

427 2225 664 2307 α’νδρες
679 2221 1040 2304 Ἀθηναῖοι,
1057 2242 1220 2283 κατα
1242 2213 1296 2299 γ’
1321 2241 1491 2297 υμας
1514 2211 1733 2293 ὄρθως
1757 2209 2096 2292 ἐφανησαν
2120 2209 2327 2285 ἐγνώ-

426 2323 632 2398 κότες.
695 2319 848 2385 οὔτε
886 2315 1013 2399 γὰρ
1053 2322 1139 2390 εἰς
1173 2313 1295 2396 τὴν
1332 2313 1524 2376 πόλιν
1549 2308 1962 2381 εἰσελθόντος
1983 2310 2103 2368 τοῦ
2128 2321 2327 2382 στρα-

430 2422 711 2485 τοπέδου
755 2413 970 2488 οὐδεὶς
1016 2410 1214 2478 οὐδὲν
1258 2407 1413 2473 οὐδὲ
1448 2406 1687 2480 ἀδίκως
1719 2402 1876 2487 ὑμῖν
1915 2399 2325 2467 ἐνεκάλεσεν·

433 2516 607 2583 ον’τω
646 2513 1000 2594 σώφρονας
1035 2510 1384 2593 παρέσχετε
1421 2531 1593 2621 υμας
1627 2501 1898 2577 αυτούς·
1947 2504 2043 2575 δίς
2065 2524 2134 2562 τε
2157 2517 2328 2578 συμ-

432 2612 962 2697 παραταξαμενοι
985 2635 1099 2683 τας
1124 2606 1386 2685 πρώτας
1411 2629 1647 2686 μαχας,
1692 2599 1816 2683 τήν
1842 2596 1902 2662 τ’
1942 2599 2042 2661 ἐπὶ
2061 2601 2179 2660 τοῦ
2205 2616 2329 2658 πο-

431 2737 643 2795 ταμου
668 2711 777 2775 καὶ
799 2706 923 2791 τὴν
943 2702 1348 2789 χειμερινὴν,
1388 2728 1509 2767 ουκ
1534 2699 1908 2782 ἀμέμπτους
1929 2697 2140 2779 μόνον
2163 2691 2332 2774 ὑμας

434 2833 699 2886 αυτους,
726 2804 889 2869 αλλὰ
915 2807 1024 2868 καὶ
1046 2797 1477 2884 θαυμαστους
1501 2801 1779 2873 ἐδείξατε
1799 2803 1891 2879 τῷ
1913 2793 2171 2875 κόσμω,
2197 2803 2334 2863 ταῖς

435 2917 880 2989 παρασκευαῖς
897 2952 913 2984 ,
941 2908 1020 2985 τῇ
1046 2904 1405 2981 προθυμία.
1467 2892 1568 2976 ἐφ
1602 2891 1695 2968 οἷς
1718 2915 1893 2971 παρα
1915 2916 2035 2972 μεν
2057 2913 2193 2952 των
2216 2883 2335 2951 αλ-

435 3013 574 3069 λων
597 3014 756 3084 υμιν
779 3003 1116 3081 ἐγίγνοντο
1144 3001 1430 3076 ἔπαινοι,
1477 3014 1652 3071 παρα
1679 2987 1735 3053 6'
1765 2987 1955 3071 ὐμων
1975 2992 2206 3053 θυσίαι
2227 2986 2335 3049 καὶ

312 3120 416 3177 217
441 3100 693 3183 πομπαὶ
716 3111 849 3172 τοῖς
870 3105 1069 3170 θεοῖς.
1129 3094 1238 3158 καὶ
1262 3097 1464 3174 ἔγωγε
1484 3083 1745 3173 ἡδέως
1715 3114 1799 3151 αν
1821 3090 2086 3169 ἐροίμην
2108 3089 2336 3167 Αἰσχί-

435 3225 581 3282 νην,
610 3196 716 3262 ὅτε
743 3191 917 3259 ταυτ’
947 3191 1296 3277 ἐπραττετο
1321 3191 1429 3255 καὶ
1453 3187 1650 3271 ζηλου
1673 3186 1779 3250 καὶ
1800 3210 2000 3267 χαρας
2022 3184 2129 3248 καὶ
2152 3185 2337 3247 ἐπαί-

441 3323 577 3365 νων
607 3321 648 3378 η
689 3292 876 3367 πόλις
909 3318 993 3374 ην
1032 3287 1266 3374 μεστὴ,
1315 3288 1597 3365 πότερον
1633 3287 1922 3348 συνέθυε
1962 3283 2070 3347 καὶ
2095 3301 2338 3345 συνευ-

438 3399 755 3480 φραίνετο
791 3403 924 3466 τοις
959 3396 1253 3468 πολλοις,
1295 3381 1341 3470 ἢ
1374 3381 1790 3465 λυπούμενος
1827 3381 1934 3445 καὶ
1961 3381 2210 3443 στένων
2232 3377 2339 3442 καὶ

441 3498 901 3578 δυσμεναίνων
922 3501 1055 3564 τοῖς
1076 3499 1322 3561 κοινοῖς
1345 3482 1620 3566 αγαθοῐς
1642 3489 1811 3546 οἴκοι
1832 3485 2101 3562 καθῆτο.
2144 3479 2339 3559 εἰμὲν
