2622 4065
439 238 562 339 333
885 279 1028 336 xlx,
1095 267 1767 331 ΛΗΜοΣσΕΝο
1789 269 1922 326 ΤΣ

439 464 597 514 τους
614 487 630 519 ,
657 433 856 510 αὐτὸς
879 433 947 499 δὲ
973 436 1102 517 ἰδία
1126 429 1342 493 πάντα
1364 424 1485 492 τὸν
1505 426 1752 510 χρόνον
1773 423 2189 508 ἐντυγχάνων
2211 416 2352 488 οὐδ’

443 535 675 603 ὁτιοῦν
721 531 1045 598 ἐπαύσατο
1086 532 1410 612 Φιλίππῳ.
1479 526 1587 590 καὶ
1633 521 1710 588 τὰ
1754 526 1872 606 μὲν
1908 521 2072 587 α’λλα
2107 526 2352 599 σιωπω,

443 634 789 717 Δερκύλος
830 627 888 694 δ’
940 624 1147 692 αὐτὸν
1191 628 1263 691 ἐν
1298 630 1538 743 Φεραῖς
1583 618 1704 704 τὴν
1739 617 1932 685 νύκτ’
1970 616 2356 701 ἐφύλαττεν,

447 730 571 798 οὐκ
597 728 755 812 ἐγω,
794 723 915 794 τὸν
935 728 1135 791 παῖδα
1159 727 1326 806 ἔχων
1348 717 1465 786 τὸν
1489 718 1648 803 ἐμὸν
1671 717 1966 798 τουτονὶ,
2000 718 2110 779 καὶ
2131 713 2359 800 λαβων

447 829 701 906 ἐξιόντα
737 829 808 893 ἐκ
846 833 959 908 τῆς
994 827 1329 887 Φιλίππου
1367 824 1614 901 σκηνῆς
1650 818 1792 899 ἐμοὶ
1823 814 1942 878 τὸν
1978 817 2177 877 παῖδα
2216 814 2360 876 ἐκέ-

446 935 681 992 λευσεν
707 922 1140 1006 ἀπαγγέλλειν
1163 920 1272 983 καὶ
1296 914 1502 982 αὐτὸν
1540 918 1953 997 μεμνῆσθαι,
2000 911 2107 975 καὶ
2143 907 2214 975 τὸ
2251 933 2360 973 τε-

446 1035 752 1093 λευταῖον
775 1020 809 1090 ὃ
833 1015 1156 1109 βδελυρὸς
1178 1019 1288 1082 καὶ
1313 1012 1586 1097 ἀναιδὴς
1606 1009 1830 1077 οὑτοσὶ
1850 1008 2057 1073 νύκτα
2077 1004 2233 1072 καὶ“
2200 1010 2360 1090 ημέ-
2451 1055 2453 1057 »

323 1146 425 1198 176
449 1151 576 1207 ραν
620 1121 956 1187 ἀπιόντων
998 1115 1190 1200 ἡμων
1236 1111 1608 1194 ἀπελείφθη
1646 1132 1822 1192 παρα
1860 1107 2184 1191 Φιλίππῳ.
2249 1106 2360 1169 καὶ

448 1216 650 1286 ταῦθ’
693 1217 794 1282 ὅτι
831 1213 1053 1297 ἀληθῆ
1088 1215 1289 1294 λέγω,
1341 1234 1607 1293 πρωτον
1644 1233 1765 1290 μεν
1798 1204 1994 1280 αὐτὸς
2029 1203 2176 1286 ἐγω
2196 1223 2360 1284 συγ-

446 1317 873 1404 γραψάμενος
898 1314 1007 1377 καὶ
1031 1308 1441 1392 καταστήσας
1465 1302 1751 1390 ἐμαυτὸν
1772 1299 2167 1366 ὑπεύθυνον
2189 1325 2360 1384 μαρ-

444 1417 749 1499 τυρήσω,
777 1420 911 1478 εἶτα
935 1418 1070 1476 τῶν
1094 1408 1314 1474 ἄλλων
1338 1407 1681 1488 πρέσβεων
1704 1402 1981 1466 ἕκαστον
2005 1405 2216 1481 καλῶ,
2253 1402 2361 1463 καὶ

449 1519 645 1579 δυοῖν
668 1510 994 1593 θάτερον,
1037 1534 1076 1590 η
1105 1517 1467 1589 μαρτυρεῖν
1488 1498 1530 1585 ἢ
1557 1500 1960 1583 ἐξόμνυσθαι
1986 1495 2360 1578 ἀναγκάσω.

450 1638 538 1676 αν
574 1607 635 1675 δ’
675 1606 1116 1690 ἐξομνύωσιν,
1162 1606 1638 1683 ἐπιορκοῦντας
1672 1600 1972 1678 ἐξελέγξω
2010 1592 2169 1678 παρ’
2206 1590 2365 1677 ὑμῖν

453 1714 781 1790 φανερῶς.

1169 1868 1651 1928 ΜΑΡΤΥΡΙΑ.

329 2012 431 2066 177
634 2001 814 2074 Οἵοις
850 2022 972 2080 μεν
1006 2000 1237 2061 τοίνυν
1273 2003 1503 2068 κακοῖς
1533 1993 1644 2056 καὶ
1677 1990 2010 2074 πράγμασι
2042 1982 2165 2070 τὴν
2198 1981 2368 2050 απο-

453 2105 696 2185 δημίαν
731 2102 954 2161 πασαν
991 2092 1391 2215 συνειχόμην
1429 2087 1759 2174 ἑοράκατε.
1850 2095 1915 2151 τί
1947 2111 2073 2169 γαρ
2120 2077 2365 2156 αὐτούς

453 2195 672 2265 οῖ”εσθ
701 2198 838 2262 ἐκεῖ
855 2204 1070 2257 ποιεῖν
1089 2188 1302 2273 ἐγγύς
1308 2189 1505 2264 ὄντας
1527 2194 1648 2252 τοῦ
1672 2185 2005 2267 διδόντος,
2032 2179 2145 2248 ὅθ’
2174 2179 2367 2264 ὑμων

455 2294 771 2379 ὁρωντων
787 2343 805 2376 ,
853 2318 987 2356 των
1011 2292 1119 2355 καὶ
1142 2296 1410 2371 τιμῆσαι
1434 2284 1736 2365 κυρίων’
1712 2285 1927 2349 όντων
1949 2283 2059 2347 καὶ
2080 2277 2364 2345 τούναν-
2394 2311 2396 2313 v
2458 2314 2461 2315 ν
2516 2289 2518 2291 ’

455 2400 601 2459 τίον
625 2391 937 2470 κολάσαι,
963 2394 1239 2451 τοιαῦτα
1265 2390 1604 2455 ποιοῦσιν;

628 2492 1176 2569 Συλλογίσασθαι
1237 2482 1315 2565 δὴ
1378 2480 1700 2565 βούλομαι
1750 2477 1827 2542 τὰ
1873 2474 2368 2558 κατηγορημένα

457 2585 573 2653 απ’
605 2586 839 2671 αρχῆς,
873 2581 965 2649 ἱ”ν
993 2581 1117 2649 όσα
1141 2579 1298 2664 ὑμῖν
1322 2575 1704 2660 ὑπεσχόμην
1729 2573 2087 2657 αρχόμενος
2112 2578 2232 2636 τοῦ
2255 2569 2372 2635 λό-

455 2712 582 2769 γου
628 2688 814 2761 δείξω
852 2680 1240 2763 πεποιηκώς.
1308 2679 1601 2753 ἐπέδειξα
1638 2672 1834 2741 οὐδεν
1871 2670 2114 2756 αληθες
2159 2668 2371 2753 ἀπηγ-
2549 2733 2551 2735 ,

457 2783 774 2867 γελκότα,
814 2778 980 2846 ἄλλα
1007 2773 1455 2862 φενακίσανθ’
1484 2773 1689 2857 ὑμας,
1729 2771 2011 2854 μάρτυσι
2031 2779 2165 2841 τοῖς
2188 2791 2374 2848 γεγε-
2391 2768 2495 2829 397
2545 2773 2552 2776 ”

335 2899 442 2953 178
460 2888 771 2966 νημένοις
795 2877 1053 2959 αυτοῖς,
1082 2874 1164 2942 οὐ
1189 2875 1411 2957 λόγοις
1434 2872 1787 2992 χριόμενος.
1848 2870 2136 2943 ἐπέδειξα
2163 2873 2374 2948 αἴτιον
2546 2867 2549 2869 ’

459 2978 906 3063 γεγενημένον
929 2983 1051 3041 τοῦ
1073 3001 1161 3099 μη
1181 2974 1440 3039 ἐθέλειν
1458 2966 1916 3054 υμαςᾶκούειν
1931 2968 2094 3048 ἐμοῦ
2115 2961 2372 3046 τάληθῆ

457 3090 597 3154 ταῖς
631 3074 1024 3158 υποσχέσεσι
1057 3075 1167 3139 καὶ
1202 3085 1337 3148 τοῖς
1371 3072 1812 3153 ἐπαγγέλμασι
1833 3078 1967 3142 τοῖς
1992 3062 2230 3129 τούτου
2253 3087 2374 3126 κα-

455 3179 919 3259 ταληφθέντας
950 3173 1131 3255 τότε,
1182 3171 1397 3237 πάντα
1431 3166 1746 3235 τάναντία
1784 3162 2373 3250 συμβουλεύσαντα

261 3285 264 3287 “
356 3334 364 3341 .,
453 3270 503 3359 ἦ
522 3280 655 3341 ἔδει
675 3275 783 3340 καὶ
807 3281 887 3359 τῇ
909 3272 1029 3357 μὲν
1053 3278 1189 3337 τῶν
1214 3268 1579 3354 συμμάχων
1602 3265 1997 3332 ἀντειπόντα
2024 3261 2275 3347 εἰρήνῃ,
2292 3266 2370 3345 τῇ

455 3375 528 3441 δὲ
555 3372 1011 3457 Φιλοκράτους
1036 3369 1626 3455 συναγορεύσαντα
1643 3418 1659 3450 ,
1688 3361 1842 3441 τούς
1861 3364 2147 3448 χρόνους
2170 3384 2373 3426 κατα-

453 3479 808 3559 τρίψαντα,
835 3475 944 3538 ἵνα
967 3469 1121 3557 μηδ’
1152 3476 1211 3537 εἰ
1227 3470 1592 3557 βούλοισθε
1618 3464 1939 3557 δύναισθε
1964 3463 2253 3539 ἐξελθεῖν
2281 3461 2392 3532 εἰς,
