2622 4065
629 341 883 401 ΠΕΡΙ
926 340 1138 399 ΤΗΣ
1173 333 2102 394 ΠΑΡΑΠΡΕΣΒΕΙΑΣ.
2201 327 2331 390 355

409 502 589 587 οἶμαι
612 509 851 590 πολλῷ.
899 498 1242 584 βιάσονται
1264 502 1497 560 τοίνυν
1523 504 1700 577 ἴσως,
1716 491 2189 575 μεγαλόφωνοι
2220 493 2330 555 καὶ

412 601 699 677 ἀναιδεῖς
742 599 959 684 ὄντες,
1023 598 1132 662 καὶ
1186 592 1258 660 τό
1319 591 1681 677 συγγνώμη
1730 588 2004 676 ἀδελφῷ
2050 595 2331 673 βοηθεῖν

285 716 396 769 239
415 697 941 818 προσειληφότες.
993 694 1178 780 ὑμεῖς
1204 691 1274 759 δε
1293 691 1379 775 μὴ
1404 688 1719 775 ἡττᾶσθε,
1747 691 1960 756 έκεῖνο
1986 685 2334 770 ενθυμού-

415 826 635 883 μενοι,
682 797 785 863 ὅτι
819 796 1077 869 τούτοις
1124 819 1244 877 μεν
1278 790 1522 855 τούτου
1565 784 1886 870 προσήκει
1929 791 2330 869 φροντίζειν,

414 896 575 980 ὑμῖν
598 897 669 962 δε
690 904 824 961 τῶν
838 895 1067 978 νόμων
1081 893 1191 957 καὶ
1218 889 1376 972 ὅλης
1399 895 1513 971 τῆς
1538 887 1793 961 πόλεως
1815 885 1924 949 καὶ
1947 908 2128 967 παρα
2155 881 2335 948 πάν-

416 1023 495 1060 τα
518 1003 654 1059 τεόν
689 992 944 1075 ὅρκων,
995 987 1110 1067 οὓς
1148 986 1337 1053 αὐτοὶ
1374 986 1685 1068 καθησθε
1710 981 2147 1066 ὀμωμοκότες.
2225 982 2338 1047 και

418 1119 545 1176 γαρ
571 1099 631 1158 εἰ
647 1099 849 1156 τινῶν
875 1090 1215 1172 δεδέηνται
1237 1084 1502 1150 τουτονὶ
1525 1082 1792 1165 σώζειν,
1839 1077 2052 1163 πότερ
2084 1075 2169 1144 οόν
2209 1105 2341 1162 μη-

421 1192 535 1256 δὲν
558 1189 808 1254 αδικων
833 1194 1146 1272 φαίνηται
1167 1182 1289 1268 τὴν
1313 1180 1509 1247 πόλιν
1532 1177 1576 1263 ἦ
1599 1206 1729 1244 καν
1752 1176 2039 1260 ἄδικων,
2068 1191 2347 1242 σκοπεῖ-

420 1314 507 1354 τε
579 1290 774 1370 εἰμὲν
796 1311 922 1368 γαρ
949 1281 1035 1349 ἂν
1058 1283 1145 1367 μὴ
1164 1334 1181 1367 ,
1231 1279 1414 1362 καγώ
1441 1305 1609 1362 φημι
1635 1282 1807 1359 δεῖν,
1837 1283 1896 1341 εἰ
1919 1275 1979 1342 δ’
2012 1275 2182 1352 ὅλως
2205 1270 2340 1340 κόἶν

422 1384 672 1468 ὁτιοῦν,
698 1388 1028 1465 ἐπιορκειν
1055 1376 1567 1463 δεδέηνται.οὐ
1588 1374 1717 1458 γὰρ
1754 1380 1814 1439 εἰ
1833 1375 2137 1458 κρύβδην
2162 1375 2341 1438 ἐστὶν

418 1481 460 1568 ἡ
488 1492 741 1566 ψῆφος,
786 1482 971 1564 λήσει
1001 1477 1157 1555 τοῦς
1192 1475 1428 1559 θεοὺς,
1472 1470 1637 1539 ἄλλα
1674 1480 1874 1538 τοῦτο
1919 1475 2029 1536 καὶ
2066 1473 2356 1537 πάντων,

421 1581 655 1664 ἄριστα
690 1578 725 1647 ὁ
763 1580 971 1655 τιθεὶς
1014 1574 1134 1642 τὸν
1173 1576 1386 1658 νόμον
1435 1572 1567 1638 εἶδε
1600 1568 1673 1637 τὸ
1719 1569 2024 1654 κρύβδην
2059 1574 2342 1653 ψηφίζε-

421 1689 585 1747 σθαι
602 1729 622 1764 ,
668 1704 770 1744 οτι
803 1677 1063 1743 τούτων
1085 1676 1206 1758 μεν
1229 1672 1446 1746 οὐδεὶς
1484 1679 1726 1736 εἴσεται
1759 1670 1884 1733 τὸν
1905 1672 2122 1755 εαυτῷ
2141 1693 2340 1751 κεχα-

423 1781 737 1861 ρισμένον
774 1775 1001 1859 ὑμων,
1049 1778 1116 1838 οι
1145 1772 1296 1838 θεοὶ
1331 1769 1400 1835 δὲ
1426 1778 1716 1833 εἴσονται
1741 1769 1851 1834 καὶ
1884 1765 1957 1832 τὸ
1989 1766 2342 1850 δαιμόνιον
2359 1776 2465 1833 416

301 1892 407 1946 240
422 1876 539 1942 τὸν
561 1873 648 1959 μὴ
673 1872 756 1940 τὰ
776 1879 992 1939 δίκαια
1015 1870 1499 1955 ψηφισαμενον.
1548 1864 1698 1949 παρ’
1718 1893 1814 1931 ων
1838 1865 2140 1948 κρειττόν
2163 1868 2344 1930 ἐστιν

424 1975 675 2062 ἕκαστον
712 2000 826 2050 τας
862 1969 1121 2055 ἀγαθας
1155 1973 1419 2045 ἐλπίδας
1452 1978 1587 2042 τοῖς
1622 1967 1809 2030 παισὶ
1831 1966 1943 2030 καὶ
1968 1967 2213 2051 ἑαυτῷ,
2259 1989 2342 2026 τα

427 2080 648 2140 δίκαια
681 2072 929 2156 γνόντα
962 2074 1071 2136 καὶ
1108 2095 1187 2134 τα
1212 2065 1665 2149 προσήκοντα,
1713 2061 2276 2145 περιποιήσασθαι
2297 2090 2340 2187 η

425 2198 549 2256 την
573 2169 798 2256 αφανῆ
824 2170 931 2235 καὶ
951 2167 1198 2250 α’δηλον
1221 2190 1413 2249 χαριν
1442 2163 1703 2238 τούτοις
1720 2162 2141 2226 καταθέσθαι
2158 2212 2176 2244 ,
2231 2162 2342 2226 καὶ

428 2269 696 2354 ἀφεῖναι
740 2275 979 2333 τοῦτον
1016 2264 1085 2341 ὃς
1122 2261 1321 2339 αὐτὸς
1360 2264 1603 2328 ἑαυτοῦ
1643 2257 2336 2342 καταμεμαρτύρηκεν.

426 2378 576 2436 τίνα
607 2366 769 2452 γὰρ,
819 2373 1131 2450 Αἰσχίνη,
1178 2364 1481 2447 μάρτυρα
1518 2366 1709 2444 μείζω
1746 2360 2183 2442 παράσχωμαι
2217 2364 2341 2423 τοῦ

427 2467 637 2533 πολλὰ
662 2468 769 2531 καὶ
794 2463 976 2530 δεινοὶ
1005 2466 1550 2546 πεπρεσβεῦσθαί
1568 2480 1672 2524 σοι
1694 2454 1739 2541 ἢ
1761 2456 1835 2521 σε
1868 2453 2033 2520 κατὰ
2056 2465 2344 2536 σαυτοῦ;

427 2560 501 2639 ὃς
541 2563 669 2645 γὰρ
715 2559 942 2647 ᾠήθης
984 2566 1219 2644 χρῆναι
1260 2557 1381 2624 τὸν
1425 2555 1726 2641 φανερόν
1759 2582 1822 2619 τι
1857 2562 2132 2638 ποιῆσαι
2171 2563 2343 2639 βου-

429 2663 720 2744 ληθέντα
741 2686 874 2724 των
910 2660 1014 2725 σοι
1052 2658 1648 2740 πεπρεσβευμένων
1672 2652 2032 2739 τηλικαύτῃ
2069 2655 2180 2718 καὶ
2205 2680 2347 2719 τοι-

430 2758 595 2843 αύτῃ
643 2777 955 2843 συμφορα
1001 2762 1410 2840 περιβαλεῖν,
1471 2759 1676 2837 δῆλον
1731 2779 1832 2820 οτι
1879 2750 2112 2818 δεινὸν
2154 2779 2242 2817 αν
2283 2777 2349 2819 τι

430 2866 676 2921 παθεῖν
712 2852 957 2920 σαυτὸν
990 2852 1283 2937 ἤλπιζες,
1328 2858 1388 2918 εἰ
1419 2847 1740 2918 πύθοινθ’
1771 2841 1959 2915 οὗτοι
1980 2848 2063 2915 τὰ
2090 2874 2351 2935 πεπρα-

426 2958 635 3038 γμένα
659 2976 779 3020 σοι.

305 3073 405 3125 241
606 3059 817 3118 Τοῦτο
843 3058 1102 3136 τοίνυν,
1130 3050 1340 3131 ἄνπερ
1365 3046 1552 3134 ὑμεῖς
1578 3043 1656 3115 εὖ
1680 3056 1977 3134 φρονῆτε
1994 3099 2013 3133 ,
2038 3047 2191 3116 καθ’
2221 3047 2350 3116 αὗ-

429 3159 550 3215 τοῦ
609 3148 1015 3234 συμβήσεται
1056 3150 1266 3237 τούτῳ
1315 3157 1730 3234 πεπρᾶχθαι,
1796 3145 1879 3214 οὐ
1922 3148 2137 3233 μόνον
2182 3148 2349 3216 κατὰ

429 3245 641 3333 τοῦθ’,
666 3245 768 3314 ὅτι
790 3252 1201 3332 παμμέγεθες
1226 3247 1500 3331 σημεῖόν
1525 3252 1658 3313 ἐστι
1679 3255 1818 3313 τῶν
1854 3253 2352 3335 πεπρεσβευμέ-

430 3374 603 3431 νων,
644 3345 779 3413 ἀλλ’
805 3345 905 3413 ὅτι
938 3349 1044 3412 καὶ
1078 3355 1465 3431 κατηγορῶν
1491 3348 1788 3424 ἐκείνους
1809 3344 1966 3424 τούς
1990 3347 2234 3431 λόγους
2261 3346 2356 3413 εἶ·-

368 3514 371 3519 ,
431 3469 557 3511 πεν
590 3451 659 3512 οἳ
687 3443 819 3510 κατ’
850 3445 1060 3511 αὐτοῦ
1093 3453 1224 3511 νῦν
1259 3442 1708 3531 ὑπάρχουσιν·
1771 3443 1811 3512 ὁὶ
1841 3447 1968 3530 γὰρ
2005 3441 2227 3531 ὡρίσω
2264 3446 2353 3513 σύ

432 3548 673 3626 δίκαια,
700 3541 809 3610 ὅτε
838 3551 1167 3629 Τίμαρχον
1192 3549 1463 3626 ἔκρινες,
1492 3543 1699 3610 ταῦτα
1740 3545 1959 3628 δήπου
1995 3550 2207 3665 τέκῦτα
2242 3546 2368 3615 καὶ,

1936 3641 2005 3693 23
