2622 4065
767 292 1025 352 ΠΕΡΙ
1077 292 1277 351 ΤΟΥ
1328 292 1921 353 ΣΤΕΦΑΝΟΥ.
2169 292 2296 354 255

391 478 493 519 τοι
515 450 802 537 τοσαύτῃ
824 448 887 534 γ’
910 448 1254 536 ὑπερβολῇ
1278 458 1723 535 συκοφαντίας
1760 443 1956 528 οὗτος
1990 453 2293 537 κέχρηται

393 539 564 633 ὥστ’,
580 553 640 614 εἰ
658 551 778 633 μέν
799 574 859 614 τι
881 555 1017 614 τῶν
1041 548 1328 615 δεόντων
1353 549 1648 633 ἐπράχθη
1665 600 1682 633 ,
1721 548 1842 615 τὸν
1862 551 2127 633 καιρὸν,
2168 550 2291 616 οὐκ

389 651 504 731 ἐμέ
535 669 739 733 φησιν
774 657 984 713 αἴτιον
1018 656 1448 732 γεγενῆσθαι,
1491 655 1624 712 τῶν
1661 644 1721 712 δ’
1752 645 1839 724 ὦς
1862 649 2094 733 ἑτέρως
2120 669 2291 734 συμ-

388 746 655 830 βάντων
690 742 1000 811 ἁπάντων
1036 746 1144 828 ἐμὲ
1177 749 1288 811 καὶ
1309 745 1430 829 τὴν
1456 744 1618 829 ἐμὴν
1639 745 1843 831 τύχην
1865 753 2079 813 αἰτίαν
2099 746 2282 813 εἶναι.

388 844 496 908 καὶ
524 841 610 919 ὡς
645 847 886 926 ἔοικεν,
932 840 966 908 ὁ
993 843 1365 927 σύμβουλος
1389 845 1495 908 καὶ
1519 845 1733 928 ῥήτωρ
1760 846 1883 927 ἐγώ
1908 853 2044 911 τῶν
2067 846 2190 929 μὲν
2212 849 2285 912 ἐκ

386 942 593 1024 λόγου
646 943 755 1006 καὶ
809 950 932 1007 τοῦ
980 941 1475 1025 βουλεύσασθαι
1532 945 1963 1024 πραχθέντων
2011 940 2284 1020 οὐδενὸς

389 1036 571 1124 αὐτῷ
604 1043 939 1114 συναίτιος
975 1037 1140 1103 εἶναι
1174 1043 1380 1122 δοκῶ,
1419 1047 1553 1103 τῶν
1590 1037 1649 1104 δ’
1677 1043 1747 1105 ἐν
1769 1053 1902 1115 τοῖς
1925 1038 2151 1117 ὅπλοις
2173 1042 2284 1106 καὶ

387 1161 551 1200 κατα
573 1136 694 1217 τὴν
719 1142 1115 1219 στρατηγίαν
1138 1135 1606 1221 ἀτυχηθέντων
1626 1139 1831 1222 μόνος
1854 1148 2056 1216 αἴτιος
2094 1138 2276 1205 εἶναι.

387 1256 524 1308 πως
543 1228 628 1297 ἀν
650 1230 973 1317 ωμότερος
993 1254 1407 1320 συκοφαντης
1424 1233 1652 1318 γένοιτ’
1669 1264 1709 1320 η
1731 1238 2274 1321 καταρατότερος
2260 1285 2277 1316 ,

386 1334 532 1413 λέγε
555 1331 675 1414 τὴν
699 1332 1063 1415 ἐπιστολήν.

1084 1487 1574 1547 ΕΠΙΣΤΟΛΗ.
2298 1495 2405 1549 299

261 1612 365 1665 213
542 1604 798 1690 Ἐπειδὴ
820 1613 1046 1672 τοίνυν
1068 1608 1454 1691 ἐποιήσαντο
1477 1606 1601 1692 τὴν
1622 1611 2002 1693 ἐκκλησίαν,
2029 1619 2281 1694 προσῆ-

381 1728 505 1785 γον
530 1707 820 1780 ἐκείνους
843 1709 1200 1788 προτέρους
1226 1703 1330 1768 διὰ
1354 1703 1425 1769 τὸ
1452 1706 1572 1788 τὴν
1592 1714 1724 1770 τῶν
1760 1706 2126 1790 συμμάχων
2158 1710 2279 1774 τα-

384 1804 483 1877 ξιν
507 1804 795 1878 ἐκείνους
817 1807 998 1884 ἔχειν.
1046 1804 1154 1866 καὶ
1180 1804 1621 1884 παρελθόντες
1640 1803 2092 1887 ἐδημηγόρουν
2114 1815 2278 1872 πολ-

382 1894 464 1962 λα
488 1898 609 1980 μὲν
635 1905 963 1964 Φίλιππον
989 1900 1511 1984 ἐγκωμιάζοντες,
1539 1900 1748 1966 πολλοὶ
1775 1901 1835 1966 δ’
1861 1900 2053 1985 ὑμῶν
2076 1930 2277 1989 κατη-

380 2003 737 2078 γοροῦντες
751 2048 768 2078 ,
816 1994 1027 2062 πανθ’
1069 1997 1190 2064 όσα
1227 1996 1474 2064 πωποτ’
1516 2002 1776 2065 ἐναντία
1800 2003 2114 2084 ἐπραξατε
2140 2011 2276 2088 Θη-

380 2098 588 2174 βαίοις
614 2092 1232 2177 ἄναμιμνησκοντες.
1294 2097 1364 2160 τὸ
1396 2095 1458 2160 δ’
1486 2122 1612 2161 ουν
1633 2100 2019 2183 κεφάλαιον,
2042 2099 2272 2184 ἠξίουν

383 2213 479 2251 ων
500 2191 620 2270 μὲν
668 2193 741 2253 εὐ
785 2189 1231 2256 πεπόνθεσαν
1254 2189 1382 2258 ὑπὸ
1422 2199 1750 2260 Φιλίππου
1793 2223 1982 2278 χαριν
2029 2196 2272 2276 αὐτους

383 2281 783 2368 ἀποδοῦναι,
834 2313 927 2351 ων
974 2285 1035 2351 δ’
1075 2285 1194 2371 υφ’
1235 2286 1424 2372 ὑμων
1456 2290 1763 2375 ηδίκηντο
1804 2299 1991 2379 δίκην
2027 2304 2273 2381 λαβεῖν,

381 2377 708 2467 ὁποτέρως
728 2382 1161 2469 βούλονται,
1130 2414 1170 2469 η
1199 2390 1448 2464 διέντας
1470 2416 1714 2467 αυτους
1737 2389 1829 2474 ἐφ
1857 2390 2026 2474 υμᾶς
2047 2390 2090 2477 ἢ
2114 2415 2279 2460 συν-

383 2480 785 2600 εμβαλόντας
843 2489 932 2557 εἰς
987 2509 1108 2566 την
1156 2482 1479 2569 Ἀττικην,
1541 2492 1647 2553 και
1703 2494 2123 2574 ἐδεικνυσαν,
2192 2520 2278 2569 ως

384 2572 627 2660 ᾤοντο,
664 2581 731 2640 ἐκ
755 2578 876 2661 μὲν
900 2605 995 2642 ων
1020 2579 1203 2645 αὐτοὶ
1229 2584 1720 2665 συνεβούλευον
1743 2612 1820 2649 τα
1846 2591 1915 2651 ἐκ
1937 2596 2049 2669 τῆς
2067 2588 2276 2653 Ἀττι-

379 2677 500 2754 κῆς
521 2673 901 2757 βοσκηματα
924 2678 1029 2738 καὶ
1054 2674 1439 2759 ανδραποδα
1462 2681 1568 2744 καὶ
1592 2679 1765 2746 τοέλλ
1790 2681 2013 2764 αγαθα
2039 2690 2128 2760 εἰς
2150 2683 2273 2770 τὴν

379 2777 697 2834 Βοιωτίαν
719 2770 992 2857 ἥξοντα,
1019 2775 1091 2838 ἐκ
1119 2773 1186 2839 δε
1214 2801 1305 2839 ων
1330 2773 1497 2897 ημᾶς
1520 2781 1694 2862 ἐρεῖν
1718 2783 1973 2862 ἔφασαν
1996 2807 2074 2846 τα
2099 2784 2172 2847 ἐν
2192 2791 2275 2869 τῇ

377 2874 657 2954 Βοιωτία
680 2871 1365 2956 διαρπασθησόμενα
1330 2875 1458 2940 υπὸ
1484 2901 1601 2941 του
1626 2881 1934 2961 πολέμου.
1978 2882 2087 2944 καὶ
2111 2879 2277 2947 ἄλλα

380 2964 591 3027 πολλα
628 2963 791 3047 πρὸς
823 2967 1108 3048 τούτοις,
1160 2976 1249 3045 είς
1283 2970 1487 3036 ταύτα
1524 2971 1595 3037 δε
1617 2998 1831 3038 παντα
1859 2977 2267 3043 συντειηνοντ

251 3079 359 3132 214
378 3062 623 3141 ἔλεγον.
693 3088 733 3123 α
779 3061 842 3126 δ’
886 3062 1069 3147 ἡμεις
1112 3065 1277 3148 πρὸς
1322 3076 1525 3133 ταῦτα
1568 3068 1988 3157 αντείπομεν,
2035 3100 2113 3138 τα
2152 3074 2273 3159 μὲν

380 3155 530 3222 καθ’
556 3157 795 3223 ε’καστα
819 3159 942 3243 ἐγω
966 3162 1144 3244 μ-’ὲν
1111 3167 1254 3229 αντὶ
1278 3164 1519 3242 παντὸς
1543 3194 1627 3231 αν
1648 3177 2044 3256 τιμησαίμην
2067 3179 2272 3240 είπειν

380 3262 499 3320 τοῦ
535 3263 717 3341 βιου,
761 3255 931 3342 ὑμας
967 3263 1036 3324 δε
1071 3265 1360 3345 δεδοικυί,
1407 3264 1493 3347 μὴ
1532 3269 2094 3351 παρεληλυθότων
2136 3295 2302 3335 των·

380 3379 665 3437 καιρων,
715 3356 929 3441 ω’σπερ
975 3386 1059 3424 αν
1107 3366 1165 3425 εἰ
1201 3364 1671 3447 κατακλυσμὸν
1704 3376 2102 3450 γεγενῆσθαι
2134 3391 2270 3431 των

377 3453 783 3535 πραγμάτων
804 3451 1192 3542 ἡγούμενοι,
1235 3459 1511 3543 μάταιον
1547 3461 1742 3545 ὄχλον
1766 3462 1918 3540 τούς
1939 3466 2082 3544 περὶ
2107 3463 2271 3530 τού-

180 3158 184 3193 b
