<?xml version="1.0" encoding="UTF-8"?>
<!DOCTYPE html PUBLIC "-//W3C//DTD XHTML 1.0 Transitional//EN"
    "http://www.w3.org/TR/xhtml1/DTD/xhtml1-transitional.dtd">
<html xmlns="http://www.w3.org/1999/xhtml" xml:lang="en" lang="en">
 <head>
  <title>
</title>
<meta http-equiv="Content-Type" content="text/html;charset=utf-8" />
  <meta name='ocr-system' content='tesseract 3.04.00' />
  <meta name='ocr-capabilities' content='ocr_page ocr_carea ocr_par ocr_line ocrx_word'/>
</head>
<body>
  <div class='ocr_page' id='page_1' title='image "./demosthenisorat13demogoog_0143.png"; bbox 0 0 2622 4065; ppageno 0'>
   <div class='ocr_carea' id='block_1_1' title="bbox 526 303 2275 394">
    <p class='ocr_par' dir='ltr' id='par_1_1' title="bbox 526 303 2275 394">
     <span class='ocr_line' id='line_1_1' title="bbox 526 303 2275 394; baseline 0.002 -4"><span class='ocrx_word' id='word_1_1' title='bbox 526 303 775 390; x_wconf 76' lang='grc' dir='ltr'><em>ΠΕΡΙ</em></span> <span class='ocrx_word' id='word_1_2' title='bbox 825 314 1038 389; x_wconf 76' lang='grc' dir='ltr'><em>ΤΗΣ</em></span> <span class='ocrx_word' id='word_1_3' title='bbox 1076 329 2004 391; x_wconf 67' lang='grc' dir='ltr'><em>ΠΛΡΑΠΡΕΣΒΕΙΑΣ,</em></span> <span class='ocrx_word' id='word_1_4' title='bbox 2085 306 2275 394; x_wconf 77' lang='lat'>3251·</span> 
     </span>
    </p>
   </div>
   <div class='ocr_carea' id='block_1_2' title="bbox 114 484 2211 1066">
    <p class='ocr_par' dir='ltr' id='par_1_2' title="bbox 114 484 2211 1066">
     <span class='ocr_line' id='line_1_2' title="bbox 300 484 2208 575; baseline 0.001 -20"><span class='ocrx_word' id='word_1_5' title='bbox 300 489 614 571; x_wconf 75' lang='grc' dir='ltr'><em>ἄντικρυς</em></span> <span class='ocrx_word' id='word_1_6' title='bbox 637 488 784 571; x_wconf 83' lang='grc' dir='ltr'><em>περὶ</em></span> <span class='ocrx_word' id='word_1_7' title='bbox 805 487 1047 552; x_wconf 91' lang='grc' dir='ltr'><em>τούτου</em></span> <span class='ocrx_word' id='word_1_8' title='bbox 1080 494 1201 551; x_wconf 85' lang='grc' dir='ltr'><em>τοῦ</em></span> <span class='ocrx_word' id='word_1_9' title='bbox 1238 484 1564 571; x_wconf 85' lang='grc' dir='ltr'><em>ὀνόματός</em></span> <span class='ocrx_word' id='word_1_10' title='bbox 1599 492 1994 571; x_wconf 74' lang='grc' dir='ltr'><em>γέγραπται·</em></span> <span class='ocrx_word' id='word_1_11' title='bbox 2040 488 2208 575; x_wconf 75' lang='grc' dir='ltr'><em>ὑπὲρ</em></span> 
     </span>
     <span class='ocr_line' id='line_1_3' title="bbox 302 579 2209 671; baseline 0.001 -18"><span class='ocrx_word' id='word_1_12' title='bbox 302 583 366 653; x_wconf 83' lang='grc' dir='ltr'><em>δ’</em></span> <span class='ocrx_word' id='word_1_13' title='bbox 407 579 503 653; x_wconf 69' lang='grc' dir='ltr'><em>ὦν</em></span> <span class='ocrx_word' id='word_1_14' title='bbox 537 589 675 652; x_wconf 85' lang='grc' dir='ltr'><em>ἐκεῖ</em></span> <span class='ocrx_word' id='word_1_15' title='bbox 703 586 1124 670; x_wconf 76' lang='grc' dir='ltr'><em>διεπράξατο,</em></span> <span class='ocrx_word' id='word_1_16' title='bbox 1153 589 1218 651; x_wconf 77' lang='grc' dir='ltr'><em>οἱ</em></span> <span class='ocrx_word' id='word_1_17' title='bbox 1251 588 1868 671; x_wconf 86' lang='grc' dir='ltr'><em>συμπρεσβεύοντες</em></span> <span class='ocrx_word' id='word_1_18' title='bbox 1902 590 2015 655; x_wconf 84' lang='grc' dir='ltr'><em>καὶ</em></span> <span class='ocrx_word' id='word_1_19' title='bbox 2037 613 2209 670; x_wconf 89' lang='grc' dir='ltr'><em>παρ-</em></span> 
     </span>
     <span class='ocr_line' id='line_1_4' title="bbox 298 683 2211 773; baseline 0.002 -23"><span class='ocrx_word' id='word_1_20' title='bbox 298 684 483 762; x_wconf 86' lang='grc' dir='ltr'><em>όντες</em></span> <span class='ocrx_word' id='word_1_21' title='bbox 506 683 1228 769; x_wconf 75' lang='grc' dir='ltr'><em>καταμαρτυρήσουσιν,</em></span> <span class='ocrx_word' id='word_1_22' title='bbox 1274 689 1459 769; x_wconf 77' lang='grc' dir='ltr'><em>οἵπερ</em></span> <span class='ocrx_word' id='word_1_23' title='bbox 1485 689 1627 770; x_wconf 83' lang='grc' dir='ltr'><em>ἐμοὶ</em></span> <span class='ocrx_word' id='word_1_24' title='bbox 1649 696 1864 754; x_wconf 80' lang='grc' dir='ltr'><em>ταῦτα</em></span> <span class='ocrx_word' id='word_1_25' title='bbox 1889 694 2211 773; x_wconf 78' lang='grc' dir='ltr'><em>διηγοῦν-</em></span> 
     </span>
     <span class='ocr_line' id='line_1_5' title="bbox 295 781 2204 872; baseline 0.003 -24"><span class='ocrx_word' id='word_1_26' title='bbox 295 809 367 849; x_wconf 93' lang='grc' dir='ltr'><em>το</em></span> <span class='ocrx_word' id='word_1_27' title='bbox 387 810 399 823; x_wconf 87' lang='grc'><em>·</em></span> <span class='ocrx_word' id='word_1_28' title='bbox 448 781 530 850; x_wconf 84' lang='grc' dir='ltr'><em>οὐ</em></span> <span class='ocrx_word' id='word_1_29' title='bbox 551 784 688 867; x_wconf 60' lang='grc' dir='ltr'><em>γαρξ</em></span> <span class='ocrx_word' id='word_1_30' title='bbox 708 782 890 865; x_wconf 82' lang='grc' dir='ltr'><em>ἔγωγ’</em></span> <span class='ocrx_word' id='word_1_31' title='bbox 916 781 1139 860; x_wconf 81' lang='grc' dir='ltr'><em>αὐτοῖς</em></span> <span class='ocrx_word' id='word_1_32' title='bbox 1162 787 1704 868; x_wconf 78' lang='grc' dir='ltr'><em>συνεπρέσβευσα</em></span> <span class='ocrx_word' id='word_1_33' title='bbox 1720 837 1738 870; x_wconf 94' lang='grc'><em>,</em></span> <span class='ocrx_word' id='word_1_34' title='bbox 1786 783 1926 852; x_wconf 74' lang='grc' dir='ltr'><em>ἀλλ’</em></span> <span class='ocrx_word' id='word_1_35' title='bbox 1953 791 2204 872; x_wconf 80' lang='grc' dir='ltr'><em>ἐξωμο-</em></span> 
     </span>
     <span class='ocr_line' id='line_1_6' title="bbox 114 879 2202 971; baseline 0.001 -21"><span class='ocrx_word' id='word_1_36' title='bbox 114 918 118 921; x_wconf 72' lang='lat'>-</span> <span class='ocrx_word' id='word_1_37' title='bbox 173 896 277 951; x_wconf 81' lang='lat'><em>130</em></span> <span class='ocrx_word' id='word_1_38' title='bbox 296 881 529 967; x_wconf 64' lang='lat' dir='ltr'><em>o‘oipayv.</em></span> <span class='ocrx_word' id='word_1_39' title='bbox 572 889 708 947; x_wconf 90' lang='grc' dir='ltr'><em>Καί</em></span> <span class='ocrx_word' id='word_1_40' title='bbox 724 908 835 965; x_wconf 86' lang='grc' dir='ltr'><em>μοι</em></span> <span class='ocrx_word' id='word_1_41' title='bbox 858 886 1005 965; x_wconf 90' lang='grc' dir='ltr'><em>λέγε</em></span> <span class='ocrx_word' id='word_1_42' title='bbox 1026 879 1098 947; x_wconf 81' lang='grc' dir='ltr'><em>τὸ</em></span> <span class='ocrx_word' id='word_1_43' title='bbox 1126 883 1431 966; x_wconf 83' lang='grc' dir='ltr'><em>ψήφισμα</em></span> <span class='ocrx_word' id='word_1_44' title='bbox 1453 885 1561 948; x_wconf 87' lang='grc' dir='ltr'><em>καὶ</em></span> <span class='ocrx_word' id='word_1_45' title='bbox 1584 882 1663 948; x_wconf 77' lang='grc' dir='ltr'><em>τοὶ</em></span> <span class='ocrx_word' id='word_1_46' title='bbox 1686 885 2064 971; x_wconf 88' lang='grc' dir='ltr'><em>γράμματα,</em></span> <span class='ocrx_word' id='word_1_47' title='bbox 2092 891 2202 952; x_wconf 82' lang='grc' dir='ltr'><em>καὶ</em></span> 
     </span>
     <span class='ocr_line' id='line_1_7' title="bbox 292 979 1029 1066; baseline -0.001 -20"><span class='ocrx_word' id='word_1_48' title='bbox 292 979 447 1057; x_wconf 77' lang='grc' dir='ltr'><em>τοὺς</em></span> <span class='ocrx_word' id='word_1_49' title='bbox 470 980 807 1066; x_wconf 86' lang='grc' dir='ltr'><em>μάρτυρας</em></span> <span class='ocrx_word' id='word_1_50' title='bbox 829 982 1029 1046; x_wconf 84' lang='grc' dir='ltr'><em>κάλει.</em></span> 
     </span>
    </p>
   </div>
   <div class='ocr_carea' id='block_1_3' title="bbox 427 1133 2068 1218">
    <p class='ocr_par' dir='ltr' id='par_1_3' title="bbox 427 1133 2068 1218">
     <span class='ocr_line' id='line_1_8' title="bbox 427 1133 2068 1218; baseline 0.004 -28"><span class='ocrx_word' id='word_1_51' title='bbox 427 1133 886 1191; x_wconf 80' lang='grc' dir='ltr'><em>ΨΗΦΙΣΜΑ.</em></span> <span class='ocrx_word' id='word_1_52' title='bbox 960 1133 1496 1195; x_wconf 89' lang='grc' dir='ltr'><em>ΓΡΑΜΜΛΤΛ.</em></span> <span class='ocrx_word' id='word_1_53' title='bbox 1561 1136 2068 1218; x_wconf 76' lang='grc' dir='ltr'><em>ΜΛΡΤΤΡΕΣ.</em></span> 
     </span>
    </p>
   </div>
   <div class='ocr_carea' id='block_1_4' title="bbox 133 1248 2325 3608">
    <p class='ocr_par' dir='ltr' id='par_1_4' title="bbox 295 1248 2208 1831">
     <span class='ocr_line' id='line_1_9' title="bbox 471 1248 2202 1341; baseline 0.003 -23"><span class='ocrx_word' id='word_1_54' title='bbox 471 1260 669 1330; x_wconf 90' lang='grc' dir='ltr'><em>Τίνας</em></span> <span class='ocrx_word' id='word_1_55' title='bbox 693 1248 817 1319; x_wconf 79' lang='grc' dir='ltr'><em>οὖν</em></span> <span class='ocrx_word' id='word_1_56' title='bbox 840 1252 1033 1337; x_wconf 73' lang='grc' dir='ltr'><em>εύχόις</em></span> <span class='ocrx_word' id='word_1_57' title='bbox 1056 1252 1533 1341; x_wconf 74' lang='grc' dir='ltr'><em>ὑπολαμβάνετ’</em></span> <span class='ocrx_word' id='word_1_58' title='bbox 1565 1256 1879 1341; x_wconf 76' lang='grc' dir='ltr'><em>εὔχεσθαι</em></span> <span class='ocrx_word' id='word_1_59' title='bbox 1907 1273 2041 1337; x_wconf 86' lang='grc' dir='ltr'><em>τοῖς</em></span> <span class='ocrx_word' id='word_1_60' title='bbox 2075 1268 2202 1324; x_wconf 79' lang='grc' dir='ltr'><em>θε-</em></span> 
     </span>
     <span class='ocr_line' id='line_1_10' title="bbox 298 1350 2196 1441; baseline 0.003 -24"><span class='ocrx_word' id='word_1_61' title='bbox 298 1365 393 1428; x_wconf 93' lang='grc' dir='ltr'><em>οῖς</em></span> <span class='ocrx_word' id='word_1_62' title='bbox 421 1353 543 1416; x_wconf 85' lang='grc' dir='ltr'><em>τὸν</em></span> <span class='ocrx_word' id='word_1_63' title='bbox 576 1359 935 1436; x_wconf 84' lang='grc' dir='ltr'><em>Φίλιππον,</em></span> <span class='ocrx_word' id='word_1_64' title='bbox 966 1351 1052 1419; x_wconf 79' lang='grc' dir='ltr'><em>ὅτ’</em></span> <span class='ocrx_word' id='word_1_65' title='bbox 1080 1359 1418 1439; x_wconf 75' lang='grc' dir='ltr'><em>ἔσπενδεν,</em></span> <span class='ocrx_word' id='word_1_66' title='bbox 1443 1352 1486 1439; x_wconf 75' lang='grc' dir='ltr'><strong><em>ἦ</em></strong></span> <span class='ocrx_word' id='word_1_67' title='bbox 1514 1354 1665 1433; x_wconf 77' lang='grc' dir='ltr'><em>τοὺς</em></span> <span class='ocrx_word' id='word_1_68' title='bbox 1692 1364 2056 1440; x_wconf 77' lang='grc' dir='ltr'><em>Θηβαίους;</em></span> <span class='ocrx_word' id='word_1_69' title='bbox 2100 1350 2196 1441; x_wconf 73' lang='grc' dir='ltr'><em>ἆρ’</em></span> 
     </span>
     <span class='ocr_line' id='line_1_11' title="bbox 295 1446 2204 1538; baseline 0.004 -25"><span class='ocrx_word' id='word_1_70' title='bbox 295 1446 378 1514; x_wconf 80' lang='grc' dir='ltr'><em>οὐ</em></span> <span class='ocrx_word' id='word_1_71' title='bbox 412 1448 651 1531; x_wconf 86' lang='grc' dir='ltr'><em>κράτος</em></span> <span class='ocrx_word' id='word_1_72' title='bbox 685 1453 978 1533; x_wconf 86' lang='grc' dir='ltr'><em>πολέμου</em></span> <span class='ocrx_word' id='word_1_73' title='bbox 1009 1454 1117 1516; x_wconf 87' lang='grc' dir='ltr'><em>καὶ</em></span> <span class='ocrx_word' id='word_1_74' title='bbox 1151 1460 1346 1535; x_wconf 83' lang='grc' dir='ltr'><em>νίκην</em></span> <span class='ocrx_word' id='word_1_75' title='bbox 1381 1451 1604 1529; x_wconf 81' lang='grc' dir='ltr'><em>αὑτοῖς</em></span> <span class='ocrx_word' id='word_1_76' title='bbox 1639 1456 1748 1520; x_wconf 85' lang='grc' dir='ltr'><em>καὶ</em></span> <span class='ocrx_word' id='word_1_77' title='bbox 1772 1467 1906 1531; x_wconf 88' lang='grc' dir='ltr'><em>τοῖς</em></span> <span class='ocrx_word' id='word_1_78' title='bbox 1940 1457 2204 1538; x_wconf 74' lang='grc' dir='ltr'><em>συμμά-</em></span> 
     </span>
     <span class='ocr_line' id='line_1_12' title="bbox 295 1546 2205 1630; baseline 0.003 -19"><span class='ocrx_word' id='word_1_79' title='bbox 295 1572 433 1629; x_wconf 80' lang='grc' dir='ltr'><em>χοις</em></span> <span class='ocrx_word' id='word_1_80' title='bbox 451 1546 739 1628; x_wconf 78' lang='grc' dir='ltr'><em>διδόναι,</em></span> <span class='ocrx_word' id='word_1_81' title='bbox 787 1549 895 1612; x_wconf 82' lang='grc' dir='ltr'><em>καὶ</em></span> <span class='ocrx_word' id='word_1_82' title='bbox 921 1547 1238 1614; x_wconf 87' lang='grc' dir='ltr'><em>τάναντία</em></span> <span class='ocrx_word' id='word_1_83' title='bbox 1263 1565 1398 1626; x_wconf 89' lang='grc' dir='ltr'><em>τοῖς</em></span> <span class='ocrx_word' id='word_1_84' title='bbox 1422 1557 1558 1616; x_wconf 74' lang='grc' dir='ltr'><em>τῶν</em></span> <span class='ocrx_word' id='word_1_85' title='bbox 1583 1553 1904 1630; x_wconf 85' lang='grc' dir='ltr'><em>Φωκέων;</em></span> <span class='ocrx_word' id='word_1_86' title='bbox 1952 1550 2205 1618; x_wconf 79' lang='grc' dir='ltr'><em>οὐκοῦν</em></span> 
     </span>
     <span class='ocr_line' id='line_1_13' title="bbox 295 1638 2208 1737; baseline 0.006 -29"><span class='ocrx_word' id='word_1_87' title='bbox 295 1652 502 1709; x_wconf 79' lang='grc' dir='ltr'><em>ταῦτα</em></span> <span class='ocrx_word' id='word_1_88' title='bbox 539 1646 902 1728; x_wconf 83' lang='grc' dir='ltr'><em>συνηύχετο</em></span> <span class='ocrx_word' id='word_1_89' title='bbox 949 1638 1143 1723; x_wconf 77' lang='grc' dir='ltr'><em>οὗτος</em></span> <span class='ocrx_word' id='word_1_90' title='bbox 1178 1651 1288 1712; x_wconf 84' lang='grc' dir='ltr'><em>καὶ</em></span> <span class='ocrx_word' id='word_1_91' title='bbox 1332 1657 1659 1732; x_wconf 81' lang='grc' dir='ltr'><em>κατηρᾶτο</em></span> <span class='ocrx_word' id='word_1_92' title='bbox 1694 1658 1773 1737; x_wconf 82' lang='grc' dir='ltr'><em>τῇ</em></span> <span class='ocrx_word' id='word_1_93' title='bbox 1818 1656 2114 1734; x_wconf 88' lang='grc' dir='ltr'><em>πατρίδι,</em></span> <span class='ocrx_word' id='word_1_94' title='bbox 2162 1649 2208 1721; x_wconf 72' lang='grc' dir='ltr'><em>ὁὶ,</em></span> 
     </span>
     <span class='ocr_line' id='line_1_14' title="bbox 295 1741 1662 1831; baseline 0.004 -24"><span class='ocrx_word' id='word_1_95' title='bbox 295 1750 426 1808; x_wconf 83' lang='grc' dir='ltr'><em>νῦν</em></span> <span class='ocrx_word' id='word_1_96' title='bbox 450 1749 540 1819; x_wconf 84' lang='grc' dir='ltr'><em>είς</em></span> <span class='ocrx_word' id='word_1_97' title='bbox 571 1747 868 1827; x_wconf 77' lang='grc' dir='ltr'><em>κεφαλὴν</em></span> <span class='ocrx_word' id='word_1_98' title='bbox 893 1741 1063 1826; x_wconf 77' lang='grc' dir='ltr'><em>ὑμᾶς</em></span> <span class='ocrx_word' id='word_1_99' title='bbox 1089 1742 1270 1831; x_wconf 76' lang='grc' dir='ltr'><em>αὐτῷ</em></span> <span class='ocrx_word' id='word_1_100' title='bbox 1296 1750 1401 1811; x_wconf 87' lang='grc' dir='ltr'><em>δεῖ</em></span> <span class='ocrx_word' id='word_1_101' title='bbox 1415 1749 1662 1829; x_wconf 77' lang='grc' dir='ltr'><em>τρέψαι.</em></span> 
     </span>
    </p>

    <p class='ocr_par' dir='ltr' id='par_1_5' title="bbox 170 1853 2204 2439">
     <span class='ocr_line' id='line_1_15' title="bbox 170 1853 2202 1943; baseline 0.006 -26"><span class='ocrx_word' id='word_1_102' title='bbox 170 1866 267 1917; x_wconf 87' lang='lat'><em>131</em></span> <span class='ocrx_word' id='word_1_103' title='bbox 466 1853 738 1921; x_wconf 81' lang='grc' dir='ltr'><em>Οὐκοῦν</em></span> <span class='ocrx_word' id='word_1_104' title='bbox 775 1854 971 1942; x_wconf 72' lang='grc' dir='ltr'><em>ᾤχετο</em></span> <span class='ocrx_word' id='word_1_105' title='bbox 998 1858 1116 1939; x_wconf 75' lang='grc' dir='ltr'><em>μὲν</em></span> <span class='ocrx_word' id='word_1_106' title='bbox 1149 1857 1326 1940; x_wconf 73' lang='grc' dir='ltr'><em>παρὰ</em></span> <span class='ocrx_word' id='word_1_107' title='bbox 1362 1857 1479 1925; x_wconf 83' lang='grc' dir='ltr'><em>τὸν</em></span> <span class='ocrx_word' id='word_1_108' title='bbox 1504 1861 1717 1943; x_wconf 89' lang='grc' dir='ltr'><em>νόμον</em></span> <span class='ocrx_word' id='word_1_109' title='bbox 1730 1912 1748 1943; x_wconf 92' lang='grc'><em>,</em></span> <span class='ocrx_word' id='word_1_110' title='bbox 1794 1859 1866 1939; x_wconf 81' lang='grc' dir='ltr'><em>ὃς</em></span> <span class='ocrx_word' id='word_1_111' title='bbox 1898 1863 2202 1929; x_wconf 78' lang='grc' dir='ltr'><em>θάνατον</em></span> 
     </span>
     <span class='ocr_line' id='line_1_16' title="bbox 294 1953 2204 2044; baseline 0.003 -23"><span class='ocrx_word' id='word_1_112' title='bbox 294 1954 548 2021; x_wconf 80' lang='grc' dir='ltr'><em>κελεύει</em></span> <span class='ocrx_word' id='word_1_113' title='bbox 571 1953 825 2020; x_wconf 89' lang='grc' dir='ltr'><em>τούτων</em></span> <span class='ocrx_word' id='word_1_114' title='bbox 843 1954 965 2041; x_wconf 80' lang='grc' dir='ltr'><em>τὴν</em></span> <span class='ocrx_word' id='word_1_115' title='bbox 990 1961 1218 2041; x_wconf 81' lang='grc' dir='ltr'><em>ζημίαν</em></span> <span class='ocrx_word' id='word_1_116' title='bbox 1243 1956 1439 2023; x_wconf 79' lang='grc' dir='ltr'><em>εἶναι·</em></span> <span class='ocrx_word' id='word_1_117' title='bbox 1483 1959 1717 2044; x_wconf 26' lang='grc' dir='ltr'><em>,ἐλθών</em></span> <span class='ocrx_word' id='word_1_118' title='bbox 1744 1957 1804 2024; x_wconf 85' lang='grc' dir='ltr'><em>δ’</em></span> <span class='ocrx_word' id='word_1_119' title='bbox 1834 1963 2040 2026; x_wconf 83' lang='grc' dir='ltr'><em>ἐκεῖσε</em></span> <span class='ocrx_word' id='word_1_120' title='bbox 2065 1963 2204 2027; x_wconf 81' lang='grc' dir='ltr'><em>ἑτέ-</em></span> 
     </span>
     <span class='ocr_line' id='line_1_17' title="bbox 296 2054 2202 2141; baseline 0.003 -22"><span class='ocrx_word' id='word_1_121' title='bbox 296 2079 434 2138; x_wconf 90' lang='grc' dir='ltr'><em>ρων</em></span> <span class='ocrx_word' id='word_1_122' title='bbox 466 2054 784 2119; x_wconf 74' lang='grc' dir='ltr'><em>θανάτων</em></span> <span class='ocrx_word' id='word_1_123' title='bbox 822 2054 966 2132; x_wconf 81' lang='grc' dir='ltr'><em>άξια</em></span> <span class='ocrx_word' id='word_1_124' title='bbox 1003 2064 1215 2121; x_wconf 76' lang='grc' dir='ltr'><em>ποιῶν</em></span> <span class='ocrx_word' id='word_1_125' title='bbox 1256 2058 1611 2141; x_wconf 85' lang='grc' dir='ltr'><em>πέφανται</em></span> <span class='ocrx_word' id='word_1_126' title='bbox 1670 2084 1750 2122; x_wconf 89' lang='grc' dir='ltr'><em>τα</em></span> <span class='ocrx_word' id='word_1_127' title='bbox 1791 2063 1861 2123; x_wconf 78' lang='grc' dir='ltr'><em>δὲ</em></span> <span class='ocrx_word' id='word_1_128' title='bbox 1898 2058 2202 2141; x_wconf 78' lang='grc' dir='ltr'><em>πρόσθεν</em></span> 
     </span>
     <span class='ocr_line' id='line_1_18' title="bbox 293 2154 2201 2271; baseline 0.005 -55"><span class='ocrx_word' id='word_1_129' title='bbox 293 2154 716 2271; x_wconf 85' lang='grc' dir='ltr'><em>πεπραγμένα</em></span> <span class='ocrx_word' id='word_1_130' title='bbox 739 2154 847 2218; x_wconf 86' lang='grc' dir='ltr'><em>καὶ</em></span> <span class='ocrx_word' id='word_1_131' title='bbox 862 2158 1398 2238; x_wconf 87' lang='grc' dir='ltr'><em>πεπρεσβευμένα</em></span> <span class='ocrx_word' id='word_1_132' title='bbox 1424 2156 1588 2238; x_wconf 88' lang='grc' dir='ltr'><em>υπερ</em></span> <span class='ocrx_word' id='word_1_133' title='bbox 1613 2157 1869 2222; x_wconf 90' lang='grc' dir='ltr'><em>τούτων</em></span> <span class='ocrx_word' id='word_1_134' title='bbox 1893 2156 2201 2225; x_wconf 75' lang='grc' dir='ltr'><em>ἀποκτεί-</em></span> 
     </span>
     <span class='ocr_line' id='line_1_19' title="bbox 295 2246 2200 2328; baseline 0.005 -14"><span class='ocrx_word' id='word_1_135' title='bbox 295 2275 471 2315; x_wconf 86' lang='grc' dir='ltr'><em>νειεν</em></span> <span class='ocrx_word' id='word_1_136' title='bbox 495 2276 581 2315; x_wconf 93' lang='grc' dir='ltr'><em>αν</em></span> <span class='ocrx_word' id='word_1_137' title='bbox 606 2246 815 2315; x_wconf 81' lang='grc' dir='ltr'><em>αυτὸν</em></span> <span class='ocrx_word' id='word_1_138' title='bbox 840 2254 1123 2328; x_wconf 79' lang='grc' dir='ltr'><em>δικαίως.</em></span> <span class='ocrx_word' id='word_1_139' title='bbox 1193 2267 1496 2318; x_wconf 88' lang='grc' dir='ltr'><em>σκοπεῖτε</em></span> <span class='ocrx_word' id='word_1_140' title='bbox 1531 2261 1761 2320; x_wconf 86' lang='grc' dir='ltr'><em>τοίνυν</em></span> <span class='ocrx_word' id='word_1_141' title='bbox 1795 2262 1861 2320; x_wconf 87' lang='grc' dir='ltr'><em>τί</em></span> <span class='ocrx_word' id='word_1_142' title='bbox 1887 2260 2066 2321; x_wconf 80' lang='grc' dir='ltr'><em>ἔσται</em></span> <span class='ocrx_word' id='word_1_143' title='bbox 2100 2266 2200 2323; x_wconf 82' lang='grc' dir='ltr'><em>τί-</em></span> 
     </span>
     <span class='ocr_line' id='line_1_20' title="bbox 293 2344 2200 2441; baseline 0.005 -30"><span class='ocrx_word' id='word_1_144' title='bbox 293 2372 475 2430; x_wconf 88' lang='grc' dir='ltr'><em>μημα</em></span> <span class='ocrx_word' id='word_1_145' title='bbox 490 2397 507 2430; x_wconf 94' lang='grc'><em>,</em></span> <span class='ocrx_word' id='word_1_146' title='bbox 557 2344 596 2413; x_wconf 80' lang='grc' dir='ltr'><em>ὂ</em></span> <span class='ocrx_word' id='word_1_147' title='bbox 618 2347 862 2431; x_wconf 87' lang='grc' dir='ltr'><em>ταύτην</em></span> <span class='ocrx_word' id='word_1_148' title='bbox 897 2350 1023 2427; x_wconf 82' lang='grc' dir='ltr'><em>ἕξει</em></span> <span class='ocrx_word' id='word_1_149' title='bbox 1044 2347 1167 2433; x_wconf 84' lang='grc' dir='ltr'><em>τὴν</em></span> <span class='ocrx_word' id='word_1_150' title='bbox 1190 2348 1379 2427; x_wconf 78' lang='grc' dir='ltr'><em>ἀξίαν</em></span> <span class='ocrx_word' id='word_1_151' title='bbox 1408 2349 1574 2418; x_wconf 86' lang='grc' dir='ltr'><em>ω’στε</em></span> <span class='ocrx_word' id='word_1_152' title='bbox 1597 2354 1938 2441; x_wconf 85' lang='grc' dir='ltr'><em>τοσούτων</em></span> <span class='ocrx_word' id='word_1_153' title='bbox 1963 2353 2200 2439; x_wconf 84' lang='grc' dir='ltr'><em>άδικη-</em></span> 
     </span>
    </p>

    <p class='ocr_par' dir='ltr' id='par_1_6' title="bbox 174 2444 2325 3414">
     <span class='ocr_line' id='line_1_21' title="bbox 174 2444 2196 2536; baseline 0.003 -22"><span class='ocrx_word' id='word_1_154' title='bbox 174 2462 272 2514; x_wconf 84' lang='lat'><em>132</em></span> <span class='ocrx_word' id='word_1_155' title='bbox 292 2446 520 2528; x_wconf 86' lang='grc' dir='ltr'><em>μάτων</em></span> <span class='ocrx_word' id='word_1_156' title='bbox 544 2444 898 2530; x_wconf 78' lang='grc' dir='ltr'><em>ἀξιόχρεων</em></span> <span class='ocrx_word' id='word_1_157' title='bbox 923 2455 1297 2530; x_wconf 19' lang='grc' dir='ltr'><em>φαιἫνεσθαι</em></span> <span class='ocrx_word' id='word_1_158' title='bbox 1348 2473 1485 2527; x_wconf 88' lang='grc' dir='ltr'><em>πως</em></span> <span class='ocrx_word' id='word_1_159' title='bbox 1507 2448 1634 2533; x_wconf 78' lang='grc' dir='ltr'><em>γὰρ</em></span> <span class='ocrx_word' id='word_1_160' title='bbox 1660 2450 1784 2518; x_wconf 80' lang='grc' dir='ltr'><em>οὐκ</em></span> <span class='ocrx_word' id='word_1_161' title='bbox 1813 2452 2196 2536; x_wconf 82' lang='grc' dir='ltr'><em>αἰσχρὸν,ω</em></span> 
     </span>
     <span class='ocr_line' id='line_1_22' title="bbox 293 2541 2202 2632; baseline 0.005 -25"><span class='ocrx_word' id='word_1_162' title='bbox 293 2541 530 2624; x_wconf 86' lang='grc' dir='ltr'><em>άνδρες</em></span> <span class='ocrx_word' id='word_1_163' title='bbox 549 2542 915 2627; x_wconf 72' lang='grc' dir='ltr'><em>Ἀθηναῖοι,</em></span> <span class='ocrx_word' id='word_1_164' title='bbox 955 2550 1235 2630; x_wconf 88' lang='grc' dir='ltr'><em>δημοσία</em></span> <span class='ocrx_word' id='word_1_165' title='bbox 1257 2573 1378 2628; x_wconf 87' lang='grc' dir='ltr'><em>μεν</em></span> <span class='ocrx_word' id='word_1_166' title='bbox 1401 2546 1693 2624; x_wconf 87' lang='grc' dir='ltr'><em>άπαντας</em></span> <span class='ocrx_word' id='word_1_167' title='bbox 1718 2548 1889 2632; x_wconf 84' lang='grc' dir='ltr'><em>ὑμας</em></span> <span class='ocrx_word' id='word_1_168' title='bbox 1907 2555 2016 2615; x_wconf 84' lang='grc' dir='ltr'><em>και</em></span> <span class='ocrx_word' id='word_1_169' title='bbox 2040 2550 2202 2617; x_wconf 79' lang='grc' dir='ltr'><em>ὅλον</em></span> 
     </span>
     <span class='ocr_line' id='line_1_23' title="bbox 292 2639 2198 2731; baseline 0.004 -26"><span class='ocrx_word' id='word_1_170' title='bbox 292 2639 411 2705; x_wconf 80' lang='grc' dir='ltr'><em>τὸν</em></span> <span class='ocrx_word' id='word_1_171' title='bbox 435 2643 646 2722; x_wconf 87' lang='grc' dir='ltr'><em>δῆμον</em></span> <span class='ocrx_word' id='word_1_172' title='bbox 671 2648 831 2705; x_wconf 80' lang='grc' dir='ltr'><em>πᾶσι</em></span> <span class='ocrx_word' id='word_1_173' title='bbox 866 2655 1000 2717; x_wconf 87' lang='grc' dir='ltr'><em>τοῖς</em></span> <span class='ocrx_word' id='word_1_174' title='bbox 1035 2647 1516 2726; x_wconf 78' lang='grc' dir='ltr'><em>πεπραγμένοις</em></span> <span class='ocrx_word' id='word_1_175' title='bbox 1540 2649 1610 2710; x_wconf 84' lang='grc' dir='ltr'><em>ἐκ</em></span> <span class='ocrx_word' id='word_1_176' title='bbox 1633 2654 1745 2730; x_wconf 78' lang='grc' dir='ltr'><em>τῆς</em></span> <span class='ocrx_word' id='word_1_177' title='bbox 1771 2648 2033 2731; x_wconf 79' lang='grc' dir='ltr'><em>εἰρήνης</em></span> <span class='ocrx_word' id='word_1_178' title='bbox 2057 2652 2198 2714; x_wconf 78' lang='grc' dir='ltr'><em>ε’πι-</em></span> 
     </span>
     <span class='ocr_line' id='line_1_24' title="bbox 294 2738 2200 2824; baseline 0.005 -23"><span class='ocrx_word' id='word_1_179' title='bbox 294 2744 509 2821; x_wconf 77' lang='grc' dir='ltr'><em>τιμᾶν,</em></span> <span class='ocrx_word' id='word_1_180' title='bbox 535 2739 643 2802; x_wconf 87' lang='grc' dir='ltr'><em>καὶ</em></span> <span class='ocrx_word' id='word_1_181' title='bbox 666 2738 827 2821; x_wconf 80' lang='grc' dir='ltr'><em>μήτε</em></span> <span class='ocrx_word' id='word_1_182' title='bbox 860 2747 996 2804; x_wconf 74' lang='grc' dir='ltr'><em>τῶν</em></span> <span class='ocrx_word' id='word_1_183' title='bbox 1021 2743 1091 2804; x_wconf 83' lang='grc' dir='ltr'><em>ἐν</em></span> <span class='ocrx_word' id='word_1_184' title='bbox 1122 2738 1548 2824; x_wconf 80' lang='grc' dir='ltr'><em>Ἀμφικτύοσι</em></span> <span class='ocrx_word' id='word_1_185' title='bbox 1570 2758 1916 2809; x_wconf 77' lang='grc' dir='ltr'><em>κοινωνεῖν</em></span> <span class='ocrx_word' id='word_1_186' title='bbox 1940 2748 2200 2814; x_wconf 78' lang='grc' dir='ltr'><em>ἐθέλειν</em></span> 
     </span>
     <span class='ocr_line' id='line_1_25' title="bbox 297 2834 2202 2926; baseline 0.005 -26"><span class='ocrx_word' id='word_1_187' title='bbox 297 2834 635 2912; x_wconf 84' lang='grc' dir='ltr'><em>δυσκόλως</em></span> <span class='ocrx_word' id='word_1_188' title='bbox 656 2834 713 2900; x_wconf 83' lang='grc' dir='ltr'><em>τ’</em></span> <span class='ocrx_word' id='word_1_189' title='bbox 738 2841 906 2919; x_wconf 78' lang='grc' dir='ltr'><em>ἔχειν</em></span> <span class='ocrx_word' id='word_1_190' title='bbox 931 2842 1040 2903; x_wconf 81' lang='grc' dir='ltr'><em>καὶ</em></span> <span class='ocrx_word' id='word_1_191' title='bbox 1062 2836 1372 2917; x_wconf 81' lang='grc' dir='ltr'><em>ὑπόπτως</em></span> <span class='ocrx_word' id='word_1_192' title='bbox 1396 2838 1558 2924; x_wconf 80' lang='grc' dir='ltr'><em>πρὸς</em></span> <span class='ocrx_word' id='word_1_193' title='bbox 1579 2840 1697 2906; x_wconf 81' lang='grc' dir='ltr'><em>τὸν</em></span> <span class='ocrx_word' id='word_1_194' title='bbox 1722 2848 2051 2909; x_wconf 83' lang='grc' dir='ltr'><em>Φίλιππον</em></span> <span class='ocrx_word' id='word_1_195' title='bbox 2069 2895 2085 2926; x_wconf 93' lang='grc'><em>,</em></span> <span class='ocrx_word' id='word_1_196' title='bbox 2115 2842 2202 2921; x_wconf 73' lang='grc' dir='ltr'><em>ὣς</em></span> 
     </span>
     <span class='ocr_line' id='line_1_26' title="bbox 298 2932 2325 3024; baseline 0.005 -26"><span class='ocrx_word' id='word_1_197' title='bbox 298 2932 562 3018; x_wconf 70' lang='grc' dir='ltr'><em>ἀσεβῶν</em></span> <span class='ocrx_word' id='word_1_198' title='bbox 599 2938 706 3001; x_wconf 87' lang='grc' dir='ltr'><em>καὶ</em></span> <span class='ocrx_word' id='word_1_199' title='bbox 733 2941 972 3002; x_wconf 83' lang='grc' dir='ltr'><em>δεινῶν</em></span> <span class='ocrx_word' id='word_1_200' title='bbox 995 2936 1209 3004; x_wconf 78' lang='grc' dir='ltr'><em>ὄντων</em></span> <span class='ocrx_word' id='word_1_201' title='bbox 1242 2947 1377 3004; x_wconf 71' lang='grc' dir='ltr'><em>ταῖν</em></span> <span class='ocrx_word' id='word_1_202' title='bbox 1414 2942 1894 3024; x_wconf 74' lang='grc' dir='ltr'><em>πεπραγμένων</em></span> <span class='ocrx_word' id='word_1_203' title='bbox 1918 2945 2028 3007; x_wconf 78' lang='grc' dir='ltr'><em>καὶ</em></span> <span class='ocrx_word' id='word_1_204' title='bbox 2050 2940 2204 3010; x_wconf 75' lang='grc' dir='ltr'><em>οὔτε</em></span> <span class='ocrx_word' id='word_1_205' title='bbox 2218 2964 2325 3018; x_wconf 73' lang='lat'><em>382</em></span> 
     </span>
     <span class='ocr_line' id='line_1_27' title="bbox 298 3030 2205 3124; baseline 0.006 -32"><span class='ocrx_word' id='word_1_206' title='bbox 298 3034 571 3094; x_wconf 87' lang='grc' dir='ltr'><em>δικαίων</em></span> <span class='ocrx_word' id='word_1_207' title='bbox 607 3030 769 3097; x_wconf 73' lang='grc' dir='ltr'><em>οὔθ’</em></span> <span class='ocrx_word' id='word_1_208' title='bbox 808 3033 974 3116; x_wconf 80' lang='grc' dir='ltr'><em>ὑμῖν.</em></span> <span class='ocrx_word' id='word_1_209' title='bbox 1005 3038 1521 3122; x_wconf 84' lang='grc' dir='ltr'><em>συμφερόντων,</em></span> <span class='ocrx_word' id='word_1_210' title='bbox 1572 3044 1662 3113; x_wconf 79' lang='grc' dir='ltr'><em>εἰς</em></span> <span class='ocrx_word' id='word_1_211' title='bbox 1687 3040 1756 3103; x_wconf 78' lang='grc' dir='ltr'><em>δὲ</em></span> <span class='ocrx_word' id='word_1_212' title='bbox 1789 3037 1861 3103; x_wconf 84' lang='grc' dir='ltr'><em>τὸ</em></span> <span class='ocrx_word' id='word_1_213' title='bbox 1892 3039 2205 3124; x_wconf 80' lang='grc' dir='ltr'><em>δικαστή-</em></span> 
     </span>
     <span class='ocr_line' id='line_1_28' title="bbox 297 3130 2206 3216; baseline 0.006 -26"><span class='ocrx_word' id='word_1_214' title='bbox 297 3151 442 3207; x_wconf 90' lang='grc' dir='ltr'><em>ριον</em></span> <span class='ocrx_word' id='word_1_215' title='bbox 469 3130 895 3206; x_wconf 76' lang='grc' dir='ltr'><em>εἰσελθόντας</em></span> <span class='ocrx_word' id='word_1_216' title='bbox 920 3130 1035 3208; x_wconf 78' lang='grc' dir='ltr'><em>τὰς</em></span> <span class='ocrx_word' id='word_1_217' title='bbox 1068 3132 1232 3216; x_wconf 80' lang='grc' dir='ltr'><em>ὑπὲρ</em></span> <span class='ocrx_word' id='word_1_218' title='bbox 1269 3134 1528 3198; x_wconf 88' lang='grc' dir='ltr'><em>τούτων</em></span> <span class='ocrx_word' id='word_1_219' title='bbox 1564 3132 1863 3211; x_wconf 66' lang='grc' dir='ltr'><em>εὐθύνας</em></span> <span class='ocrx_word' id='word_1_220' title='bbox 1888 3136 2206 3202; x_wconf 80' lang='grc' dir='ltr'><em>δικάσον-</em></span> 
     </span>
     <span class='ocr_line' id='line_1_29' title="bbox 296 3222 2204 3315; baseline 0.006 -28"><span class='ocrx_word' id='word_1_221' title='bbox 296 3250 428 3309; x_wconf 86' lang='grc' dir='ltr'><em>τας,</em></span> <span class='ocrx_word' id='word_1_222' title='bbox 466 3222 671 3309; x_wconf 79' lang='grc' dir='ltr'><em>ὅρκον</em></span> <span class='ocrx_word' id='word_1_223' title='bbox 695 3223 863 3306; x_wconf 79' lang='grc' dir='ltr'><em>ὑπὲρ</em></span> <span class='ocrx_word' id='word_1_224' title='bbox 889 3237 1001 3310; x_wconf 82' lang='grc' dir='ltr'><em>τῆς</em></span> <span class='ocrx_word' id='word_1_225' title='bbox 1037 3229 1289 3304; x_wconf 90' lang='grc' dir='ltr'><em>πόλεως</em></span> <span class='ocrx_word' id='word_1_226' title='bbox 1324 3228 1782 3315; x_wconf 81' lang='grc' dir='ltr'><em>ὀμωμοκότας,</em></span> <span class='ocrx_word' id='word_1_227' title='bbox 1838 3230 1958 3300; x_wconf 81' lang='grc' dir='ltr'><em>τὸν</em></span> <span class='ocrx_word' id='word_1_228' title='bbox 1983 3232 2204 3300; x_wconf 79' lang='grc' dir='ltr'><em>ἁπάν-</em></span> 
     </span>
     <span class='ocr_line' id='line_1_30' title="bbox 294 3324 2205 3414; baseline 0.007 -28"><span class='ocrx_word' id='word_1_229' title='bbox 294 3348 426 3389; x_wconf 90' lang='grc' dir='ltr'><em>των</em></span> <span class='ocrx_word' id='word_1_230' title='bbox 461 3330 595 3388; x_wconf 73' lang='grc' dir='ltr'><em>τεὸν</em></span> <span class='ocrx_word' id='word_1_231' title='bbox 628 3331 851 3388; x_wconf 70' lang='grc' dir='ltr'><em>κακῶν</em></span> <span class='ocrx_word' id='word_1_232' title='bbox 892 3335 1131 3408; x_wconf 74' lang='grc' dir='ltr'><em>αἴτιον,</em></span> <span class='ocrx_word' id='word_1_233' title='bbox 1177 3329 1287 3392; x_wconf 77' lang='grc' dir='ltr'><em>καὶ</em></span> <span class='ocrx_word' id='word_1_234' title='bbox 1324 3324 1402 3392; x_wconf 77' lang='grc' dir='ltr'><em>ὃν</em></span> <span class='ocrx_word' id='word_1_235' title='bbox 1428 3327 1728 3413; x_wconf 76' lang='grc' dir='ltr'><em>εἰλήφατ’</em></span> <span class='ocrx_word' id='word_1_236' title='bbox 1759 3330 1863 3396; x_wconf 84' lang='grc' dir='ltr'><em>ἐπ’</em></span> <span class='ocrx_word' id='word_1_237' title='bbox 1892 3331 2205 3414; x_wconf 75' lang='grc' dir='ltr'><em>αὐτοφώ-</em></span> 
     </span>
    </p>

    <p class='ocr_par' dir='ltr' id='par_1_7' title="bbox 172 3422 2204 3510">
     <span class='ocr_line' id='line_1_31' title="bbox 172 3422 2204 3510; baseline 0.005 -26"><span class='ocrx_word' id='word_1_238' title='bbox 172 3430 276 3486; x_wconf 85' lang='lat'><em>133</em></span> <span class='ocrx_word' id='word_1_239' title='bbox 295 3447 388 3507; x_wconf 75' lang='grc' dir='ltr'><em>ρῳ</em></span> <span class='ocrx_word' id='word_1_240' title='bbox 432 3425 700 3487; x_wconf 80' lang='grc' dir='ltr'><em>τοιαῦτα</em></span> <span class='ocrx_word' id='word_1_241' title='bbox 745 3422 1171 3508; x_wconf 82' lang='grc' dir='ltr'><em>πεποιηκότα,</em></span> <span class='ocrx_word' id='word_1_242' title='bbox 1210 3434 1456 3492; x_wconf 80' lang='grc' dir='ltr'><em>τοῦτον</em></span> <span class='ocrx_word' id='word_1_243' title='bbox 1492 3424 1788 3510; x_wconf 79' lang='grc' dir='ltr'><em>ἀφεῖναι;</em></span> <span class='ocrx_word' id='word_1_244' title='bbox 1844 3430 1952 3494; x_wconf 81' lang='grc' dir='ltr'><em>καὶ</em></span> <span class='ocrx_word' id='word_1_245' title='bbox 1990 3434 2085 3505; x_wconf 89' lang='grc' dir='ltr'><em>τίς</em></span> <span class='ocrx_word' id='word_1_246' title='bbox 2120 3426 2204 3494; x_wconf 77' lang='grc' dir='ltr'><em>οὗ</em></span> 
     </span>
    </p>

    <p class='ocr_par' dir='ltr' id='par_1_8' title="bbox 133 3514 2207 3608">
     <span class='ocr_line' id='line_1_32' title="bbox 133 3514 2207 3608; baseline 0.005 -27"><span class='ocrx_word' id='word_1_247' title='bbox 133 3514 139 3518; x_wconf 62' lang='grc'><strong>’</strong></span> <span class='ocrx_word' id='word_1_248' title='bbox 293 3523 557 3597; x_wconf 88' lang='grc' dir='ltr'><em>δικαίως</em></span> <span class='ocrx_word' id='word_1_249' title='bbox 591 3518 748 3606; x_wconf 76' lang='grc' dir='ltr'><em>ὑμῖν</em></span> <span class='ocrx_word' id='word_1_250' title='bbox 784 3524 1115 3606; x_wconf 82' lang='grc' dir='ltr'><em>ἐγκαλέσει</em></span> <span class='ocrx_word' id='word_1_251' title='bbox 1147 3530 1283 3589; x_wconf 72' lang='grc' dir='ltr'><em>τῶν</em></span> <span class='ocrx_word' id='word_1_252' title='bbox 1328 3522 1550 3591; x_wconf 74' lang='grc' dir='ltr'><em>ἄλλων</em></span> <span class='ocrx_word' id='word_1_253' title='bbox 1585 3533 1901 3607; x_wconf 78' lang='grc' dir='ltr'><em>πολιτῶν,</em></span> <span class='ocrx_word' id='word_1_254' title='bbox 1949 3532 2207 3608; x_wconf 82' lang='grc' dir='ltr'><em>μᾶλλον</em></span> 
     </span>
    </p>
   </div>
  </div>
 </body>
</html>
