2622 4065
398 323 520 406 348
621 337 690 428 J
823 347 963 403 xlx,
1042 343 1876 407 ΑΗΜΟΣΘΕΝΟΥΣ

400 501 482 570 οὐ
505 503 633 588 γὰρ
659 505 785 586 ἐγώ
811 511 1115 587 κρίνομαι
1151 503 1471 586 τήμερον,
1518 501 1669 569 οὐδ’
1705 507 1880 589 ἐγχεῖ
1907 507 2068 590 μετὰ
2103 513 2307 576 ταῦθ’

400 600 585 685 ὕδωρ
614 599 826 675 οὐδεὶς
849 603 1006 682 ἐμοί.
1072 606 1137 664 τί
1156 593 1280 665 οὖν
1317 604 1452 665 ἐστι
1472 607 1678 667 ταῦτα
1704 600 1877 686 πλὴν
1902 608 2174 672 δικαίων
2195 606 2310 676 λό-

400 726 541 783 γων
570 696 840 782 ἀπορίας
865 703 959 774 τίς
984 697 1112 781 γὰρ
1138 694 1223 763 ἄν
1246 713 1638 784 κατηγορεῖν
1663 701 1872 766 ἕλοιτο
1898 701 2309 786 κρινόμενος,

278 810 383 861 214
402 803 567 881 ἔχων
604 795 641 861 ὅ
677 822 736 860 τι
770 793 1280 881 ἀπολογήσεται,
1331 803 1423 863 ἔτι
1445 803 1675 863 τοίνυν
1698 796 1965 865 κάκεῖνο
1994 816 2312 885 σκοπεῖτε,

403 888 458 960 οἷ
481 893 719 977 ἄνδρες
747 898 1062 959 δικασταί.
1133 900 1192 961 εἰ
1213 896 1568 979 ἐκρινόμην
1603 895 1725 979 μὲν
1758 899 1881 980 ἐγώ
1901 949 1919 982 ,
1965 899 2314 983 κατηγόρει

400 991 464 1059 δ’
493 997 808 1075 Αἰσχίνης
835 990 1060 1058 οὑτοσὶ
1077 1044 1093 1074 ,
1122 999 1447 1070 Φίλιππος
1473 992 1531 1059 δ’
1562 987 1647 1078 ἦν
1671 993 1704 1061 ὁ
1734 1001 2014 1079 κρίνων,
2042 995 2156 1062 εἶτ’
2183 996 2309 1080 ἐγώ

400 1086 610 1174 μηδὲν
632 1093 796 1172 ἔχων
822 1094 1026 1154 εἰπεῖν
1053 1087 1139 1166 ὠς
1163 1088 1286 1157 οὐκ
1314 1088 1522 1157 ἀδικοῖ
1548 1101 1766 1169 κακῶς
1789 1098 2013 1176 ἔλεγον
2049 1096 2314 1160 τουτονὶ

401 1189 510 1253 καὶ
534 1193 1040 1271 προπηλακίζειν
1066 1191 1479 1271 ἐπεχείρουν,
1519 1188 1641 1254 οὐκ
1669 1186 1754 1254 ἂν
1780 1199 2003 1256 οἴεσθε
2033 1192 2143 1258 καὶ
2164 1190 2311 1257 κατ’

403 1281 564 1349 αὐτὸ
595 1291 789 1349 τοῦτο
816 1282 1263 1370 ἀγανακτῆσαι
1288 1283 1405 1352 τὸν
1428 1292 1790 1371 Φίλιππον,
1815 1295 1875 1353 εί
1899 1286 2055 1371 παρ’
2083 1293 2311 1375 ἐκείνῳ

404 1383 560 1459 τοὺς
606 1387 863 1448 ἐκείνου
908 1411 1003 1460 τις
1028 1381 1375 1467 εὐεργέτας
1418 1393 1635 1462 κακῶς
1681 1388 1891 1469 λέγοις
1948 1384 2035 1469 μὴ
2082 1393 2313 1452 τοίνυν

405 1480 594 1565 ὑμεῖς
614 1488 872 1566 χείρους
895 1486 1181 1565 γένησθε
1209 1489 1574 1566 Φιλίππου,
1621 1480 1771 1547 ἀλλ’
1808 1480 1975 1563 ὑπὲρ
2016 1475 2111 1548 οἷν
2135 1481 2315 1565 ἀγω-

401 1587 675 1663 νίζεται,
717 1582 863 1661 περὶ
889 1579 1146 1644 τούτων
1169 1577 1561 1662 ἀναγκάζετε
1586 1575 2079 1661 ἀπολογεῖσθαι.
2146 1584 2313 1663 Λέγε

399 1675 528 1761 τὴν
550 1683 936 1761 μαρτυρίαν.

1120 1850 1602 1908 ΜΑΡΤΥΡΙΑ.
2329 1854 2435 1908 408

277 1995 380 2046 215
577 1970 849 2038 Οὐκοῦν
884 1974 1008 2056 ἐγώ
1048 1973 1168 2057 μὲν
1192 1976 1259 2040 ἐκ
1283 1980 1403 2039 τοῦ
1430 1975 1635 2057 μηδὲν
1659 1976 1919 2059 ἐμαυτῷ
1941 1973 2315 2051 συνειδέναι

367 2072 369 2074 λ
400 2073 510 2137 καὶ
548 2072 753 2154 λόγον
788 2074 1044 2138 διδόναι
1078 2074 1186 2138 καὶ
1221 2071 1436 2137 πάντα
1469 2068 1590 2137 τάκ
1627 2079 1761 2136 τῶν
1797 2071 2024 2153 νόμων
2047 2066 2311 2151 ὑπέχειν

401 2168 589 2259 ᾤμην
614 2176 783 2254 δεῖν,
811 2163 1003 2249 οὗτος
1027 2172 1095 2237 δὲ
1120 2169 1451 2237 τάναντία.
1497 2176 1636 2245 πῶς
1660 2161 1786 2233 οὖν
1810 2165 2015 2233 ταῦτα
2039 2168 2179 2250 ἐμοὶ
2200 2166 2311 2231 καὶ

370 2332 372 2334 ,
399 2269 611 2354 τούτῳ
659 2273 1022 2351 πέπρακται
1038 2297 1053 2346 ;
1117 2264 1160 2351 ἦ
1206 2276 1345 2343 πῶς
1390 2272 1599 2331 ἔνεστι
1640 2265 1852 2349 τούτῳ
1894 2271 2100 2327 ταῦτα
2147 2260 2311 2343 πρὸς

400 2363 573 2450 ὑμᾶς
597 2369 811 2447 λε’γειν
828 2416 844 2448 ,
886 2363 927 2428 ὁὶ
949 2363 1106 2446 μηδ’
1131 2363 1387 2447 ᾐτίαται
1414 2362 1738 2444 πρότερον
1763 2359 2057 2435 πώποτε;
2103 2357 2310 2424 οὐδα-

401 2470 541 2547 μῶς
581 2461 811 2544 δήπου.
902 2458 1043 2525 ἀλλ’
1088 2458 1263 2543 ὅμως
1299 2462 1462 2542 ἐρεῖ,
1509 2460 1617 2524 καὶ
1654 2457 1735 2542 νὴ
1762 2454 1870 2524 Δί’
1915 2456 2181 2536 εἰκότως
2216 2482 2310 2541 γε.

404 2570 539 2626 ἴστε
563 2557 689 2642 γάρ
716 2557 934 2641 δήπου
957 2553 1180 2641 τοῦθ’,
1210 2555 1305 2622 ὅτι
1333 2553 1451 2640 ἀφ’
1480 2548 1565 2621 οὗ
1585 2556 1938 2639 γεγόνασιν
1962 2556 2314 2641 ἅνθρωποι

400 2659 512 2723 καὶ
546 2662 792 2743 κρίσεις
828 2661 1198 2740 γίγνονται,
1247 2652 1465 2731 οὐδεὶς
1500 2652 1770 2720 πώποθ’
1797 2652 2139 2738 ὁμολογῶν
2167 2653 2314 2720 ἀδι-

400 2768 546 2822 κεῖν
583 2757 748 2843 ἥλω,
799 2749 943 2819 ἀλλ’
972 2750 1561 2838 ἀναισχυντοῦσιν,
1600 2752 1993 2838 ἀρνοῦνται,
2021 2753 2315 2831 ψεύδον-

402 2881 539 2938 ται,
578 2850 943 2934 προφάσεις
967 2850 1390 2936 πλάττονται,
1431 2853 1645 2916 πάντα
1670 2858 1977 2916 ποιοῦσιν
1998 2848 2166 2930 ὑπὲρ
2191 2856 2313 2913 τοῦ

274 2971 381 3024 216
402 2951 489 3036 μὴ
530 2954 768 3015 δοῦναι
804 2953 1012 3032 δίκην
1079 2977 1174 3014 ων
1200 2947 1425 3015 ουδενὶ
1451 2953 1552 3015 δεῖ
1569 2956 2168 3034 παρακρουσθῆναι
2192 2946 2312 3030 τή-

400 3076 605 3136 μερον
630 3075 832 3133 υμας,
872 3046 1020 3114 ἀλλ’
1047 3046 1170 3132 ἀφ’
1196 3040 1293 3114 οἷν
1317 3058 1453 3114 ἰστε
1479 3045 1667 3113 αυτοὶ
1689 3045 1767 3111 τά
1793 3047 2142 3132 πράγματα
2166 3057 2313 3126 κρῖ-

400 3176 544 3233 ναι,
593 3145 679 3232 μὴ
722 3161 856 3225 τοῖς
892 3151 1069 3266 ἐμοῖς
1092 3148 1315 3231 λόγοις
1337 3146 1499 3231 μηδε
1520 3160 1655 3222 τοῖς
1679 3145 1921 3211 τούτου
1945 3144 2310 3226 προσέχειν,

398 3251 572 3334 μηδέ
590 3274 665 3331 γε
689 3261 824 3323 τοῖς
846 3246 1207 3331 μάρτυσιν,
1235 3272 1353 3322 ους
1374 3237 1567 3320 οὗτος
1593 3245 1889 3327 ἑτοίμους
1914 3244 2037 3319 ἕξει
2060 3265 2313 3325 μαρτυ-

399 3361 543 3470 ρεῖν
566 3343 797 3413 ὁτιοῦν
823 3352 1123 3432 Φιλίππῳ
1148 3352 1414 3431 χορηγῷ
1435 3341 1803 3428 χρώμενος·
1848 3338 2102 3419 όψεσθε
2137 3334 2195 3401 δ’
2229 3331 2314 3411 ὡς

397 3449 667 3530 ἑτοίμως
712 3442 896 3532 αὐτω
937 3444 1506 3528 μαρτυρήσουσιν
1553 3444 1721 3525 μηδέ
1756 3464 1831 3523 γε
1876 3442 1936 3503 εἰ
1965 3432 2169 3501 καλὸν
2205 3433 2314 3498 καὶ

265 3564 375 3616 217
396 3550 560 3632 μέγα
596 3570 792 3625 ουτος
842 3543 1226 3628 φθέγξεται,
1274 3539 1427 3626 μηδ’
1472 3545 1532 3606 εἰ
1566 3545 1830 3624 φαῦλον
1864 3533 2011 3619 ἐγώ.
2080 3528 2161 3598 οὐ
2185 3527 2311 3616 γὰρ
