2622 4065
384 291 515 353 198
793 293 988 357 XVIII.
1063 287 1904 346 ΔΗΜΟΣΘΕΝΟΓΣ

384 448 541 518 οὐδ’
579 448 822 527 ἀδίκως
859 447 1082 524 αὐτοῖς
1105 445 1547 532 ὀργιζόμενοι·
1594 444 1689 523 οἷς
1712 446 1838 529 γὰρ
1857 446 2308 533 ηὐτυχήκεσαν

388 551 466 615 ἐν
493 549 889 633 Λεύκτροις,
936 543 1018 611 οὐ
1049 550 1326 627 μετρίως
1362 547 1739 629 ἐκέχρηντο·
1788 545 1999 613 ἔπειθ’
2026 545 2066 631 ἡ
2091 556 2309 614 Πελο-

393 648 733 731 πόννησος
758 645 978 711 ἅπασα
1006 642 1376 726 διειστήκει,
1404 644 1513 707 καὶ
1537 640 1695 708 οὔθ’
1727 648 1793 709 οἱ
1810 652 2312 726 μισοῦντεςΛα-
2383 693 2385 695 -

392 752 856 830 κεδαιμονίους
879 741 1091 818 οὕτως
1116 751 1349 823 ἴσχυον
1376 737 1541 804 ὥστε
1566 738 1825 805 ἀνελεῖν
1850 739 2116 825 αὐτούς,
2145 741 2305 809 οὔθ’

395 848 464 910 oc
494 844 821 926 πρότερον
861 839 945 905 δι’
988 844 1260 906 ἐκείνων
1298 836 1607 922 ἄρχοντες
1642 838 1865 920 κύριοι
1885 848 2019 905 τῶν
2049 841 2312 907 πόλεων

392 935 603 1029 ἦσαν,
656 939 823 1006 αλλοέ
860 965 955 1015 τις
978 931 1067 1023 ἦν
1094 936 1359 1022 ἄκριτος
1383 939 1490 1001 καὶ
1514 961 1691 1053 παρα
1715 935 1972 1013 τούτοις
1994 940 2102 1003 και
2127 935 2309 1021 παρα

301 1055 530 1117 19τοῖς
554 1039 778 1115 ἄλλοις
803 1035 1048 1101 ἅπασιν
1088 1061 1218 1119 ερις
1241 1037 1351 1101 καὶ
1387 1033 1650 1117 ταραχή.
1721 1040 1924 1097 ταῦτα
1964 1032 2022 1097 δ’
2066 1030 2246 1116 ὁρῶν
2270 1032 2303 1098 ὁ

400 1144 726 1213 Φίλιππος
765 1133 876 1218 (ού
910 1132 1038 1218 γὰρ
1061 1138 1147 1217 ἠν
1172 1132 1424 1217 ἀφανῆ)
1461 1147 1596 1207 τοις
1631 1130 1784 1215 παρ’
1829 1131 2121 1208 ἕκαστοις
2143 1155 2311 1215 προ-

398 1237 618 1313 δόταις
674 1234 973 1320 χρήματα
1029 1231 1411 1297 αναλίσκων
1467 1254 1719 1306 παντας
1774 1231 2135 1310 συνέκρουε
2201 1231 2311 1293 και

369 1331 566 1420 πρὸς
606 1329 852 1408 αὐτούς
892 1328 1273 1411 ἐτάραττεν·
1325 1325 1437 1394 εἶτ’
1478 1331 1548 1393 ἐν
1586 1326 1680 1404 οἷς
1714 1325 2101 1411 ἡμάρτανον
2125 1325 2312 1391 ἄλλοι

397 1435 510 1500 καὶ
546 1440 764 1508 κακῶς
800 1429 1170 1515 ἐφρόνουν,
1218 1425 1416 1503 αὐτὸς
1450 1426 1965 1508 παρεσκευάζετο
2003 1426 2111 1489 καὶ
2147 1422 2313 1489 κατὰ

324 1583 328 1585 -
395 1531 672 1597 πάντων
694 1529 952 1611 ἐφύετο.
1022 1525 1108 1602 ως
1135 1524 1204 1591 δὲ
1227 1524 1840 1606 ταλαιπωρούμενοι
1863 1528 1957 1607 τῷ
1979 1521 2169 1604 μήκει
2191 1527 2315 1584 τοῦ

230 1699 236 1709 ,
309 1640 339 1711 Ί,
393 1630 696 1712 anfi-§stov
740 1632 809 1693 οἱ
835 1626 980 1692 τότε
1016 1626 1137 1708 μὲν
1172 1631 1429 1708 βαρεῖς,
1476 1628 1606 1686 νῦν
1642 1618 1702 1685 δ’
1745 1619 2000 1703 ἀτυχεῖς
2038 1624 2313 1702 Θηβαῖοι

374 1727 680 1814 ,φανεροὶ
716 1733 919 1789 πᾶσιν
954 1716 1128 1807 ἦσαν
1163 1719 1832 1804 ἀναγκασθησόμενοι
1868 1717 2312 1800 καταφεύγειν

396 1823 506 1910 ἐφ’
535 1822 741 1908 ὑμᾶς,
768 1820 802 1890 ὁ
831 1828 1185 1941 Φίλιππός,
1209 1823 1321 1885 ἵνα
1343 1817 1429 1903 μὴ
1458 1825 1650 1884 τοῦτο
1678 1820 1933 1899 γένοιτο
1960 1819 2121 1898 μηδὲ
2146 1832 2312 1879 συν-

401 1927 669 1990 έλθοιεν
692 1926 765 1987 αἱ
784 1921 1038 2002 πόλεις,
1084 1917 1244 2003 ὑμιν
1267 1945 1387 2002 μεν
1413 1916 1714 1999 εἰρήνην,
1763 1917 2034 1988 ἐκείνοις
2059 1910 2128 1976 δε
2146 1911 2313 2029 βοή-

310 2032 597 2094 2οθειαν
638 2022 1082 2104 ἐπηγγείλατο.
1152 2023 1220 2083 τί
1252 2042 1379 2081 ουν
1417 2019 1912 2098 συνηγωνίσατο
1949 2008 2129 2075 αύτω
2150 2008 2317 2093 πρὸς

392 2122 468 2186 τὸ
494 2127 725 2204 λαβειν
747 2115 977 2200 ὀλίγου
1002 2122 1141 2181 δεῖν
1163 2112 1335 2198 υμᾶς
1359 2113 1626 2187 ἑκόντας
1659 2112 2224 2192 ἐξαπατωμένους;
2267 2104 2308 2191 ἡ

393 2245 531 2284 των
560 2214 784 2283 ἄλλων
800 2213 1163 2299 Ελλήνων,
1190 2222 1318 2278 εἴτε
1340 2208 1461 2294 χρὴ
1490 2215 1728 2274 κακίαν
1753 2204 1855 2272 εἴτ’
1884 2207 2161 2289 ἄγνοιαν
2187 2213 2313 2269 εἴτε

396 2319 511 2383 καὶ
533 2313 876 2398 αμφότερα
899 2309 1086 2377 ταῦτ’
1119 2317 1357 2391 εἰπεῖν,
1386 2315 1452 2373 οι
1471 2309 1764 2390 πόλεμον
1787 2311 2025 2388 συνεχῆ
2052 2305 2162 2368 καὶ
2185 2328 2314 2386 μα-

393 2414 568 2498 κρὸν
605 2410 1081 2495 πολεμούντων
1116 2434 1343 2491 υμων,
1391 2408 1499 2471 καὶ
1533 2413 1771 2470 τοῦτον
1805 2401 1971 2487 ὑπερ
1994 2428 2129 2466 των
2154 2406 2339 2465 πασι·

400 2510 921 2632 συμφερόντων,
974 2535 1060 2585 ως
1096 2512 1265 2626 ἔργφ
1304 2503 1605 2588 φανερὸν
1625 2506 1931 2585 γέγονεν,
1975 2498 2127 2564 οὔτε
2149 2496 2314 2581 χρή-

395 2632 602 2698 μασιν
636 2609 790 2677 ούτε
825 2606 1125 2692 σώμασιν
1159 2602 1304 2670 οὔτ’
1345 2603 1521 2668 αλλω
1559 2600 1784 2667 οὐδενὶ
1819 2625 1952 2663 των
1999 2593 2311 2661 ἁπαντων

395 2709 908 2797 συνελαμβανον
932 2703 1123 2789 ὑμῖν·
1171 2711 1266 2779 οις
1290 2704 1399 2768 καὶ
1424 2706 1688 2774 δικαίως
1710 2700 1818 2762 καὶ
1840 2693 2311 2813 προσηκόντως

396 2806 814 2926 ὀργιζόμενοι
850 2806 1118 2896 ἑτοίμως
1151 2798 1575 2882 υπηκούσατε
1606 2802 1696 2880 τῷ
1726 2799 2045 2878 Φιλίππω.
2115 2788 2154 2873 ἡ
2191 2815 2312 2872 μεν

398 2909 529 2998 οὐν
565 2902 716 2968 τότε
752 2907 1272 2983 συγχωρηθεισα
1297 2895 1524 2979 εἰρήνη
1565 2891 1671 2957 δια
1706 2888 1914 2974 ταῦτ’,
1964 2886 2045 2955 ού
2068 2886 2152 2953 δι’
2181 2887 2307 2971 έμε,
2330 2901 2437 2950 232·

404 3030 493 3082 ως
533 2996 729 3078 οὗτος
766 3003 1141 3083 διέβαλλεν,
1193 2994 1528 3078 ἐπραχθη·
1575 3018 1653 3056 τα
1693 2990 1763 3056 δε
1796 2986 2056 3056 τούτων
2079 2985 2312 3069 οέδική-

401 3128 574 3188 ματα
608 3101 717 3166 καὶ
755 3094 1273 3180 δωροδοκήματα
1310 3095 1382 3158 ἐν
1420 3088 1588 3175 αὐτῇ
1621 3114 1755 3153 των
1780 3088 1933 3152 νυνὶ
1956 3083 2309 3165 παρόντων

403 3225 846 3290 πραγματων,
892 3194 978 3261 οἷν
1020 3219 1115 3269 τις
1160 3188 1415 3276 ἐξετάζῃ
1458 3192 1752 3270 δικαίως,
1808 3193 1979 3249 αἴτια
2025 3179 2306 3263 εὑρήσει.

204 3294 211 3296 ⁴
300 3317 377 3370 :21
400 3302 513 3369 καὶ
546 3298 736 3365 ταυτὶ
770 3291 986 3360 πανθ’
1025 3288 1191 3408 ὑπερ
1234 3295 1347 3374 τῆς
1390 3284 1701 3371 αληθείας
1746 3281 2311 3367 ακριβολογοῦμαι

397 3400 508 3466 καὶ
543 3397 964 3477 διεξέρχομαι.
1016 3395 1075 3455 εί
1103 3414 1231 3472 γαρ
1271 3387 1442 3452 εἶναί
1470 3412 1532 3450 τι
1566 3388 1789 3465 δοκοίη
1825 3379 1903 3444 τὰ
1935 3376 2212 3461 μαλιστα
2235 3378 2310 3440 ἐν

396 3497 656 3615 τούτοις
681 3492 1004 3576 αδίκημα,
1053 3486 1251 3554 οὐδέν
1274 3489 1409 3552 ἐστι
1446 3485 1662 3570 δήπου
1699 3479 1863 3565 πρὸς
1901 3477 2043 3561 έμε,
2088 3472 2245 3541 ἀλλ’·
