2622 4065
802 315 1053 375 ΠΕΡΙ
1093 316 1293 375 Tor
1333 310 1922 377 ΣΤΕΦΑΝΟῬ.
2156 316 2312 379 -267
2409 351 2422 357 ψ
2475 296 2477 298 ’
2517 301 2519 304 ’

398 472 587 560 αὐτῇ.
654 476 885 541 σκόπει
925 480 1156 541 τοίνυν
1202 472 1413 551 εὐθὺς
1436 477 1499 552 ἐξ
1547 473 1765 559 ἀρχῆς.
1832 482 1949 541 καί
1978 502 2108 560 μου
2141 478 2310 559 πρὸς

401 571 566 649 Διὸς
592 577 916 657 μηδεμίαν
939 571 1315 655 ψυχρότητα
1337 579 1648 660 καταγνῷ
1683 576 1928 656 μηδείς.
2013 571 2140 655 ἐγω
2176 573 2306 656 γὰρ

403 667 546 735 οὔτ’
584 679 767 746 εἴτις
789 675 1022 734 πενίαν
1054 674 1549 753 προπηλακίζει,
1596 677 1766 734 νοῦν
1789 675 1962 753 ἔχειν
1983 668 2299 755 ἡγοῦμαι,

401 767 543 833 οὔτ’
571 778 743 844 εἴτις
768 771 838 835 ἐν
865 765 1195 850 ἀφθόνοις
1216 769 1487 850 τραφεὶς
1512 769 1615 831 ἐπὶ
1637 766 1849 855 τούτῳ
1872 768 2270 851 σεμνύνεται
2289 793 2304 806 ·

397 864 532 931 ἀλλ’
558 863 685 931 ὑπὸ
712 874 824 949 τῆς
845 866 1112 931 τουτουὶ
1135 871 1254 928 τοῦ
1277 871 1569 946 χαλεποῦ
1591 871 2010 947 βλασφημίας
2042 868 2154 931 καὶ
2178 885 2304 929 συ-

395 970 753 1046 κοφαντίας
777 970 867 1038 είς
901 961 1245 1035 τοιούτους
1281 959 1524 1041 λόγους
1559 963 1892 1041 ἐμπίπτειν
1932 960 2304 1043 άναγκάζο·

392 1088 537 1145 μαι,
584 1057 680 1135 οἷς
717 1064 788 1125 ἐκ
824 1068 959 1124 τῶν
995 1059 1285 1123 ἐνόντων
1324 1054 1410 1133 ὡς
1437 1053 1520 1122 ἄν
1549 1057 1848 1141 δύνωμαι
1892 1059 2298 1142 μετριώτατα

387 1158 730 1241 χρήσομαι.

265 1265 368 1318 257
549 1252 725 1336 Ἐμοὶ
748 1252 869 1335 μὲν
890 1258 1119 1316 τοίνυν
1142 1248 1452 1334 ὑπῆρξεν,
1476 1258 1752 1335 Αἰσχίνη
1770 1302 1789 1335 ,
1830 1256 2014 1319 παιδὶ
2035 1257 2158 1337 μὲν
2181 1253 2301 1320 ὅν-
2326 1323 2333 1325 q

388 1377 447 1414 τι
493 1356 733 1432 φοιτᾶν
780 1354 869 1424 είς
912 1348 993 1412 τα
1030 1348 1451 1431 προσήκοντα
1488 1354 1939 1434 διδασκαλεῖα,
1984 1353 2094 1417 καὶ
2130 1356 2301 1434 ἔχειν

390 1445 513 1511 ὅσα
557 1442 677 1527 χρὴ
723 1444 842 1508 τὸν
888 1444 1091 1526 μηδὲν
1137 1445 1409 1528 αἰσχρὸν
1469 1447 1832 1529 ποιήσοντα
1888 1445 1962 1512 δι’
2015 1452 2296 1531 ἔνδειαν,
2398 1518 2403 1523 .
2498 1489 2500 1491 ·

388 1541 726 1619 ἐξελθόντι
766 1541 835 1605 δὲ
870 1544 941 1605 ἐκ
977 1545 1232 1605 παίδων
1271 1541 1622 1607 άκόλουθα
1657 1545 1918 1619 τούτοις
1961 1544 2295 1627 πράττειν,

385 1651 714 1722 χορηγεῖν,
739 1652 1174 1722 τριηραρχεῖν,
1204 1642 1554 1724 εἰσφέρειν,
1580 1646 1898 1724 μηδεμιᾶς
1924 1649 2296 1726 φιλοτιμίας

385 1738 546 1821 μήτε
568 1741 732 1811 ἰὸίας
759 1735 921 1818 μήτε
955 1739 1269 1818 δημοσίας
1305 1734 1816 1819 άπολείπεσθαι,
1863 1735 2030 1803 ἄλλα
2067 1742 2179 1804 καὶ
2212 1749 2295 1825 τῇ
2393 1791 2396 1793 -

383 1834 571 1899 πόλει
605 1834 714 1895 καὶ
743 1845 878 1906 τοῖς
915 1837 1130 1914 φίλοις
1164 1833 1488 1916 χρήσιμον
1524 1833 1722 1915 εἶναι,
1771 1833 1990 1919 ἐπειδὴ
2021 1836 2091 1900 δὲ
2125 1835 2294 1921 πρὸς

381 1927 460 1994 τοὶ
494 1927 683 1994 κοινοὶ
709 1937 1109 2009 προσελθεῖν
1134 1933 1319 2006 ἔδοξέ
1346 1956 1491 2014 μοι,
1537 1937 1810 1995 τοιαῦτα
1848 1932 2290 2015 πολιτεύματα
2327 1924 2333 1931 ς

382 2029 650 2094 ἑλέσθαι
676 2026 843 2092 ὥστε
867 2029 977 2092 καὶ
999 2023 1130 2092 ὑπὸ
1161 2035 1273 2111 τῆς
1297 2034 1610 2112 πατρίδος
1631 2031 1740 2095 καὶ
1761 2026 1877 2094 ὑπ’
1910 2028 2289 2097 ἄλλωνῈλ-
2309 2051 2415 2103 313

377 2125 603 2206 λήνων
628 2130 894 2187 πολλῶν
916 2124 1228 2199 πολλάκις
1251 2129 1756 2246 ἐστεφανῶσθαι
1772 2179 1791 2209 ,
1816 2132 1926 2194 καὶ
1948 2130 2112 2212 μηδὲ
2133 2129 2291 2205 τοὺς

380 2219 663 2304 εχθρους
685 2218 875 2303 ὑμᾶς,
905 2247 991 2295 ως
1015 2219 1096 2285 οὐ
1120 2222 1288 2286 καλά
1314 2223 1371 2304 γ’
1394 2250 1480 2306 ην
1506 2220 1548 2287 ἁ
1569 2224 2005 2310 προειλόμην,
2045 2229 2287 2343 ἐπιχει-

258 2345 361 2400 258
381 2333 520 2401 ρεῖν
553 2322 786 2434 λέγειν.
872 2316 997 2398 ἐγω
1035 2345 1156 2407 μεν
1193 2319 1271 2402 δὴ
1308 2321 1578 2405 τοιαύτῃ
1626 2329 2047 2405 συμβεβίωκα
2096 2323 2288 2408 τύχη,

380 2421 488 2481 καὶ
511 2415 692 2481 πόλλ’
730 2406 815 2481 ὅίν
846 2421 1014 2498 ἔχων
1050 2414 1208 2498 ἕτερ’
1238 2424 1444 2483 εἰπεῖν
1480 2421 1630 2501 περὶ
1655 2417 1858 2502 αὐτῆς
1882 2428 2285 2504 παραλείπω,

380 2513 871 2595 φυλαττόμενος
894 2513 965 2577 τὸ
993 2521 1289 2636 λυπησαί
1316 2542 1463 2580 τινα
1489 2521 1561 2580 ἐν
1584 2512 1680 2592 οἷς
1704 2518 2133 2601 σεμνύνομαι
2200 2518 2287 2583 σύ

378 2607 501 2674 δ’ὁ
555 2608 793 2691 σεμνὸς
836 2608 1005 2691 άνὴρ
1050 2614 1159 2673 και
1205 2612 1546 2676 διαπτύων
1567 2638 1726 2687 τους
1771 2614 2015 2689 ἄλλους
2051 2616 2286 2680 σκόπει

377 2706 540 2790 πρὸς
563 2706 809 2790 ταύτην
831 2713 987 2792 ποίᾳ
1010 2710 1136 2771 τινὶ
1168 2709 1478 2791 κέχρησαι
1496 2709 1690 2792 τύχῃ,
1739 2706 1815 2773 δι’
1857 2707 1938 2792 ἣν
1975 2725 2126 2787 παῖς
2160 2713 2286 2794 μὲν

280 2873 283 2876 Α
379 2800 475 2869 ὢν
514 2802 672 2887 μετὰ
709 2812 951 2888 πολλῆς
975 2808 1222 2880 ἐνδείας
1259 2806 1576 2890 ἐτράφης,
1623 2806 1757 2890 ἅμα
1777 2816 1872 2894 τῷ
1896 2813 2091 2893 πατρὶ
2115 2808 2287 2890 πρὸς

375 2910 468 2990 τῷ
493 2907 917 2989 διδασκαλείῳ
938 2904 1426 2988 προσεδρεύων,
1462 2902 1536 2971 τὸ
1563 2906 1769 2988 μέλαν
1803 2913 2052 2990 τρίβων
2070 2909 2179 2972 καὶ
2202 2906 2285 2972 τοὶ

374 3000 602 3082 βάθρα
627 3007 991 3083 σπογγίζων
1015 3004 1124 3067 καὶ
1157 2999 1230 3067 τὸ
1266 3006 1754 3085 παιδαγωγεῖον
1801 3011 2056 3087 κορῶν,
2106 3007 2282 3070 οἰκέ-

249 3119 352 3173 259
372 3121 492 3161 του
515 3098 731 3180 τάξιν,
757 3097 878 3163 οὐκ
899 3102 1260 3182 ἐλευθέρου
1283 3098 1517 3176 παιδὸς
1542 3106 1741 3182 ἔχων,
1791 3097 1961 3183 ἀνὴρ
1988 3103 2058 3167 δὲ
2083 3103 2273 3184 γενό-

372 3218 573 3275 μενος
601 3201 679 3278 τῇ
703 3198 895 3279 μητρὶ
915 3195 1198 3279 τελούσῃ
1234 3195 1349 3272 τας
1371 3202 1643 3319 βίβλους
1666 3193 2150 3282 ἀνεγίγνωσκες
2168 3202 2277 3265 καὶ

371 3288 575 3355 ταλλα
621 3300 1161 3375 συνεσκευωροῦ,
1217 3291 1340 3377 τὴν
1385 3321 1506 3378 μεν
1552 3292 1760 3360 νύκτα
1807 3302 2124 3381 νεβρίζων
2165 3301 2275 3363 και

372 3374 775 3471 κρατηρίζων
809 3415 920 3453 και
954 3395 1299 3475 καθαίρων
1322 3391 1480 3469 τοὺς
1517 3398 1952 3478 τελουμένους
1972 3395 2080 3458 καὶ
2104 3392 2277 3460 ἄπο-

372 3485 639 3566 μάττων
680 3510 771 3549 τω
819 3494 1004 3571 πηλῷ
1047 3490 1157 3553 καὶ
1179 3502 1315 3567 τοῖς
1360 3491 1658 3573 πιτύροις
1699 3520 1805 3558 και
1839 3487 2107 3568 άνιστας
2142 3490 2275 3557 άπὸ
