2622 4065
486 339 736 448 ΠΕΡΙ
799 335 1012 394 ΤΗΣ
1067 328 1973 390 ΠΑΡΛΠΡΕΣΒΕΙΑΣ.
2059 327 2183 390 341

281 503 741 618 περιγενέσθαι
774 500 875 560 δεῖ
900 519 1055 569 τους
1089 491 1165 556 τὰ
1201 456 1504 574 βέλτιστα
1527 490 1843 569 λέγοντας
1866 512 1998 552 των
2022 514 2059 569 η
2091 486 2176 552 δι

161 599 323 654 186”
281 623 554 681 αγνοιαν
576 590 617 677 ἢ
643 591 746 657 δια
771 594 1142 711 μοχθηρίαν
1173 584 1674 668 αντιλεγόντων.
1752 581 1861 667 ἐφ’
1889 581 2093 649 ἅπασι
2118 583 2186 649 δὲ

281 693 568 774 τούτοις,
616 687 879 755 ἐπειδὰν
913 687 1019 751 καὶ
1057 686 1457 767 δεδογμένον
1481 686 1522 769 ᾐ
1547 710 1655 747 και
1680 685 2034 765 συμφέρον
2054 681 2182 764 ἤδη

215 853 217 855 ,
283 796 631 903 φαίνηται,
680 785 924 869 χρόνον
950 786 1052 847 δεῖ
1076 786 1361 864 δοθῆναι
1383 786 1460 864 τῇ
1482 806 1617 844 των
1640 787 1906 846 πολλων
1931 777 2190 844 ἀδυνα-

284 894 428 971 μία,
475 888 545 949 ἐν
580 874 631 970 ᾦ
656 883 762 947 καὶ
783 887 1173 961 ποριοῦνται
1194 875 1394 941 ταῦθ’
1427 903 1520 940 ων
1544 875 1628 942 ἄν
1652 878 1960 960 δέωνται,
2009 874 2187 951 ὅπως

282 981 361 1047 τὰ
389 979 665 1057 δόξαντα
690 979 797 1042 καὶ
821 980 1166 1059 δυνηθῶσι
1191 980 1476 1057 ποιῆσαι.
1547 970 1580 1038 ὁ
1621 971 1698 1056 δὴ
1725 971 1880 1049 τούς
1903 974 2187 1057 χρόνους

282 1077 558 1152 τούτους
591 1071 885 1154 αναιρῶν
916 1080 1029 1155 τῆς
1064 1073 1168 1135 οία
1205 1069 1365 1151 παρ’
1402 1067 1562 1153 ἡμῖν
1598 1073 1732 1134 ἐστι
1758 1074 2082 1145 πολιτειάς
2105 1066 2186 1132 οὐ

283 1173 562 1257 χρόνους
586 1167 915 1255 ἀνῄρηκεν
940 1171 1153 1249 οὑτος,
1173 1162 1273 1249 ου’,
1297 1164 1461 1231 ἀλλὰ
1484 1163 1563 1229 τὰ
1587 1190 1937 1249 πραγματα
1963 1163 2188 1240 ἁπλῶς

286 1268 632 1355 ἆφῄρηται

91 1379 94 1380 ’
166 1377 262 1428 187
433 1366 613 1430 ’Έστι
648 1371 874 1429 τοίνυν
911 1389 1003 1439 τις
1027 1363 1369 1444 πρόχειρος
1394 1361 1586 1443 λόγος
1612 1370 1770 1427 πᾶσι
1792 1376 1924 1438 τοῖς
1950 1365 2186 1440 ἐξαπα-

286 1471 407 1528 τᾶν
445 1459 614 1544 ὑμᾶς
648 1461 1077 1544 βουλομένοις
1106 1457 1216 1523 “oc
1244 1458 1672 1539 ταράττοντες
1707 1459 1828 1543 τὴν
1851 1460 2076 1543 πόλιν,
2129 1463 2194 1524 οἱ

274 1556 796 1634 “διακωλυόντες
820 1564 1148 1623 Φίλιππον
1172 1549 1247 1621 εὗ
1273 1563 1542 1639 ποιῆσαι
1566 1554 1687 1640 τὴν
1710 1555 1955 1623 πόλιν.”
2027 1555 2191 1638 πρὸς

289 1655 404 1734 οὓς
431 1654 554 1740 ἐγώ
581 1655 779 1737 λόγον
803 1653 921 1738 μὲν
946 1652 1187 1719 οὐδένα
1211 1657 1367 1735 ἐρῶ,
1415 1649 1530 1728 τὰς
1566 1651 1621 1717 δ’
1663 1653 2008 1731 ἐπιστολὰς
2033 1651 2192 1737 ὑμῖν

147 1829 159 1836 ἱ
287 1752 753 1835 ἀναγνώσομαι
777 1749 891 1827 τὰς
912 1758 1032 1815 τοῦ
1057 1756 1422 1833 Φιλίππου,
1449 1752 1557 1815 καὶ
1580 1749 1734 1826 τοὺς
1758 1749 2052 1833 καιροὺς,
2082 1748 2187 1832 ἐφ’

205 1902 207 1904 >
289 1843 385 1915 οἷν
430 1851 667 1913 ἕκαστα
705 1848 1115 1931 ἐξηπάτησθε
1154 1844 1552 1930 ὑπομνήσω,
1597 1846 1674 1914 ἵν’
1719 1847 1935 1932 εἰδῆθ’
1977 1846 2077 1914 ὅτι
2115 1844 2185 1912 τὸ
2214 1863 2316 1915 400

285 1943 544 2029 ψυχρὸν
567 1951 759 2010 τοῦτο
787 1942 1028 2027 ὄνομα,
1053 1942 1123 2008 τὸ
1154 1943 1303 2027 ἄχρι
1326 1944 1553 2026 κόρου,
1579 1942 1995 2031 παρελήλυθ’
2025 1949 2194 2011 ἐκεῖ·

287 2070 403 2121 νος
430 2050 797 2127 φενακίζων
821 2041 1005 2124 ὑμᾶς.

729 2214 1235 2272 ΕΠΙΣΤΟΛΑΙ
1279 2213 1663 2273 ΦΙΛΙΠΠΟ
1674 2218 1741 2274 Υ.

170 2347 273 2399 188
463 2333 655 2400 Οὕτω
699 2340 927 2398 τοίνυν
974 2336 1204 2417 αἰσχρὰ
1246 2338 1354 2400 καὶ
1391 2335 1599 2401 πολλὰ
1636 2338 1742 2402 καὶ
1778 2336 1994 2402 πάντα
2031 2334 2185 2402 καθ’

294 2429 483 2512 ὑμῶν
525 2428 1028 2514 πεπρεσβευκώς
1077 2430 1349 2510 περιιών
1396 2436 1567 2514 λέγει
1599 2430 1714 2498 “vl
1752 2431 1815 2498 δ’
1862 2428 1947 2498 ἄν
1992 2443 2198 2509 εῖποις

279 2524 474 2606 “περὶ
495 2529 974 2608 Λημοσθένους
987 2575 1004 2607 ,
1034 2524 1102 2601 ὃς
1123 2535 1258 2590 τῶν
1279 2531 1758 2611 συμπρέσβεων
1780 2545 2135 2612 κατηγορεῖ
2142 2524 2194 2608 ;’'

291 2621 372 2705 νὴ
389 2618 497 2685 Δί’
508 2629 668 2704 ,εἴτε
693 2620 1021 2703 βούλομαί
1036 2648 1075 2703 γ
1076 2619 1232 2686 εἴτε
1256 2621 1366 2705 μὴ,
1386 2620 1532 2701 παρ’
1554 2623 1717 2705 ὅλην
1740 2652 1860 2705 μεν
1882 2652 2004 2706 την
2023 2650 2195 2689 απο-

293 2724 338 2784 δ
336 2745 531 2804 ημιαν
553 2714 679 2782 ὑπὸ
709 2725 832 2782 σοῦ
854 2724 1120 2782 τοιαῦτα
1129 2721 1788 2835 ἐπιβεβουλευμένος,
1810 2724 1999 2785 δυοῖν
2020 2718 2074 2784 δ
2087 2748 2194 2785 αι-

294 2820 533 2901 ρέσεως
558 2815 759 2899 οὔσης
782 2842 891 2899 μοι
913 2818 1086 2899 νυνὶ,
1113 2811 1155 2899 ἢ
1192 2814 1510 2881 τοιούτων
1536 2814 1752 2881 ὄντων
1777 2843 1910 2882 των
1935 2842 2192 2939 πεπραο

172 2927 271 2980 -189
290 2917 549 2998 γμένων
575 2918 793 2979 δοκειν
819 2927 1160 2979 κοινωνειν
1185 2912 1372 2997 ὑμῖν,
1415 2909 1456 2998 ἦ
1493 2931 1900 2999 κατηγορειν.
1973 2914 2099 2999 ε’γω
2128 2916 2186 2981 δ’

293 3008 448 3076 οὐδὲ
473 3015 1166 3094 συμπεπρεσβευκέναι
1191 3019 1363 3096 φημί
1381 3032 1516 3095 σοι,
1556 3014 1948 3097 πρεσβεύειν
1971 3016 2193 3096 μέντοι
2261 3063 2263 3065 .

292 3108 363 3175 σε
396 3134 517 3191 μεν
551 3106 760 3172 πολλα
797 3134 904 3172 και
943 3107 1157 3193 δεινα,
1204 3107 1492 3193 ἐμαυτὸν
1529 3109 1592 3174 δ’
1618 3107 1786 3194 ὑπερ
1812 3114 2095 3176 τουτωνὶ
2116 3138 2196 3177 τα
2265 3112 2268 3115 ’

292 3209 606 3291 βέλτιστα.
674 3202 838 3270 αλλα
865 3206 1271 3291 Φιλοκράτης
1296 3228 1401 3272 σοι
1426 3212 2047 3292 συμπεπρέσβευκε,
2073 3236 2199 3275 κα·-

292 3310 487 3390 κείνω
534 3322 651 3386 συ,
699 3329 805 3368 και
844 3304 1159 3387 Φρύνων·
1206 3302 1392 3388 υμεῖς
1436 3332 1562 3390 γαρ
1602 3304 1787 3372 ταῦτ’
1828 3307 2195 3389 επροὲττετε,

291 3405 399 3468 καὶ
422 3408 625 3467 ταῦτα
650 3407 848 3466 πασιν
872 3399 1028 3485 ὗμιν
1050 3400 1379 3487 ἤρεσκεν
1412 3413 1544 3470 ποῦ
1570 3403 1628 3469 δ’
1667 3404 1846 3481 α’λες·
1832 3454 1848 3482 ,
1883 3412 2012 3469 ποῦ
2036 3404 2198 3488 τρά-

292 3505 481 3580 πεζα;
545 3508 677 3566 ποῦ
732 3503 1014 3565 σπονδαί
1024 3528 1040 3580 3
1104 3509 1309 3566 ταῦτα
1367 3499 1497 3588 γὰρ
1541 3506 1866 3589 τραγῳδεῖ
1902 3501 2199 3588 περιιών,
