2622 4065
684 257 936 317 ΠΕΡΙ
997 258 1199 317 ΤΟΥ
1253 257 1854 317 ΣΤΕΦΛΝΟΤ.
2096 254 2219 318 251

318 414 397 482 τὰ
421 425 579 481 πᾶσι
604 421 932 483 δοκοῦντα
955 417 1320 499 συμφέρειν
1337 467 1354 499 ,
1402 413 1646 482 οὐδένα
1669 421 1992 483 κίνδυνον
2013 412 2220 501 ὀκνή-

320 536 436 589 σας
459 518 629 580 ἴδιον
659 512 805 580 οὐδ’
832 512 1422 598 ὑπολογισάμενος,
1468 513 1553 580 σύ
1592 514 1661 579 δὲ
1700 511 1862 579 οὔθ’
1901 514 2091 598 ἕτερα
2126 512 2220 578 εῖ-

318 636 433 687 πες
454 617 683 695 βελτίω
708 611 963 678 τούτων
1001 609 1112 691 (οὐ
1135 612 1259 694 γάρ
1286 608 1370 676 ἂν
1394 611 1651 688 τούτοις
1675 614 2024 695 ἐχρῶντο),
2072 608 2218 677 οὔτ’

318 714 408 783 εἰς
440 715 646 773 ταῦτα
679 707 999 791 χρήσιμον
1034 706 1231 772 οὐδὲν
1268 707 1517 773 σαυτὸν
1551 713 1897 793 παρέσχες,
1947 708 2113 791 ὅπερ
2151 710 2213 773 δ’

317 800 405 869 ἀν
428 803 461 868 ὁ
488 805 899 889 φαυλότατος
921 810 1027 870 καὶ
1051 809 1564 889 δυσμενέστατος
1591 806 1949 890 ἄνθρωπος
1970 816 2052 893 τῇ
2086 807 2218 871 πό-

312 909 441 985 λει,
485 910 678 967 τοῦτο
705 902 1071 986 πεποιηκώς
1094 905 1197 967 ἐπὶ
1217 918 1354 978 τοῖς
1377 911 1706 988 συμβᾶσιν
1729 906 2062 988 ἐξήτασαι,
2101 907 2214 970 καὶ

312 997 443 1080 ἅμα
462 996 870 1079 Ἀρίστρατος
893 1002 965 1063 ἐν
987 999 1188 1085 Νάξῳ
1214 1002 1325 1064 καὶ
1342 998 1761 1082 Ἀριστόλεως
1784 1006 1855 1067 ἐν
1879 1004 2075 1088 Θάσῳ
2092 1054 2109 1084 ,
2149 1008 2218 1069 οὗ

310 1095 617 1170 καθάπαξ
643 1098 865 1176 ἐχθροὶ
888 1103 1001 1177 τῆς
1025 1097 1308 1179 πόλεως,
1333 1096 1491 1173 τοὺς
1509 1095 1882 1181 Ἀθηναίων
1906 1106 2211 1182 κρίνουσι

311 1196 543 1271 φίλους
567 1191 676 1254 καὶ
693 1188 1050 1274 Ἀθήνησιν
1073 1200 1384 1276 Αἰσχίνης
1405 1202 1892 1277 Δημοσθένους
1923 1223 2213 1280 κατηγο-

192 1296 292 1353 198
309 1301 420 1368 ρεῖ.
472 1292 679 1353 καίτοι
703 1286 830 1374 ὅτω
857 1287 934 1352 τά
958 1287 1435 1374 τῶνἙλλήνων
1460 1291 1836 1376 ἀτυχήματα
1864 1296 2206 1358 ἐνευδοκι-

307 1399 453 1466 μεῖν
488 1383 816 1463 ἀπέκειτο,
866 1385 1274 1451 ἀπολωλέναι
1299 1397 1552 1470 μᾶλλον
1576 1382 1773 1466 οὗτός
1796 1394 1930 1455 ἐστι
1957 1395 2207 1466 δίκαιος

303 1478 347 1563 ἦ
369 1497 756 1564 κατηγορεῖν
780 1485 1033 1564 ἑτέρου·
1079 1488 1187 1548 καὶ
1212 1484 1340 1572 ὅτῳ
1368 1487 1890 1570 συνενηνόχασιν
1922 1494 1987 1554 οἱ
2021 1486 2208 1553 αὐτοὶ

302 1583 519 1660 καιροὶ
543 1582 651 1644 καὶ
674 1595 806 1655 τοῖς
827 1589 941 1663 τῆς
964 1581 1216 1658 πόλεως
1240 1586 1533 1666 ἐχθροῖς,
1561 1583 1683 1649 οὐκ
1709 1591 1806 1649 ἔνι
1825 1595 2067 1651 τοῦτον
2091 1582 2192 1650 εὕ-

302 1701 472 1740 νουν
495 1675 660 1740 εἶναι
683 1686 763 1761 τῇ
787 1684 1061 1758 πατρίδι.
1113 1684 1330 1761 δηλοῖς
1360 1682 1431 1746 δὲ
1455 1684 1562 1746 καὶ
1588 1687 1650 1759 ἐξ
1674 1676 1769 1746 οἷν
1792 1688 1901 1767 ζῇς
1922 1686 2032 1748 καὶ
2053 1708 2173 1748 ποι-

301 1785 389 1844 εῖς
411 1775 518 1835 καὶ
543 1775 869 1836 πολιτεύει
891 1777 997 1837 καὶ
1023 1775 1224 1839 πάλιν
1249 1802 1329 1840 ου
1353 1780 1696 1843 πολιτεύει
1771 1781 2123 1859 πράττεταί
2140 1807 2201 1845 τι

296 1891 432 1928 των
472 1863 631 1946 ὑμῖν
670 1869 1051 1932 δοκούντων
1097 1877 1492 1955 συμφέρειν,
1555 1874 1825 1957 α’φωνος
1866 1884 2199 1960 Αἰσχίνης.

296 1958 706 2042 ἀντέκρουσέ
744 1988 805 2025 τι
847 1966 954 2027 καὶ
995 1969 1271 2047 γέγονεν
1317 1964 1462 2032 οἷον
1505 1995 1630 2035 ουκ
1674 1976 1834 2056 εδει,
1889 1973 2205 2055 πάρεστιν

294 2061 635 2136 Αἰσχίνης·
683 2056 902 2142 ω’σπερ
925 2086 1004 2123 τα
1028 2062 1325 2144 ρήγματα
1348 2067 1457 2130 καὶ
1490 2093 1570 2129 τα
1607 2069 1989 2151 σπάσματα,
2038 2068 2203 2135 ὅταν

294 2180 355 2217 τι
375 2151 585 2217 κακὸν
606 2153 677 2217 τὸ
705 2163 890 2236 σῶμα
914 2155 1083 2241 λάβῃ
1098 2206 1115 2239 ,
1141 2157 1289 2223 τότε
1310 2175 1600 2226 κινεῖται.

175 2267 275 2319 199
454 2247 705 2333 Ἐπειδὴ
732 2256 801 2316 δὲ
825 2251 1029 2328 πολὺς
1050 2269 1184 2330 τοῖς
1202 2258 1693 2341 συμβεβηκόσιν
1713 2264 2009 2346 ἔγκειται,
2026 2263 2199 2346 βού-

294 2354 494 2430 λομαί
522 2373 584 2410 τι
617 2351 725 2412 καὶ
749 2349 1120 2432 παράδοξον
1144 2358 1364 2418 εἰπεῖν.
1430 2362 1545 2420 καί
1561 2381 1690 2439 μου
1715 2356 1879 2438 πρὸς
1901 2356 2067 2435 Διὸς
2086 2363 2196 2425 καὶ

292 2451 476 2508 θεῶν
499 2447 720 2526 μηδεὶς
741 2444 864 2528 τὴν
886 2445 1266 2534 ὑπερβολὴν
1288 2452 1638 2568 θαυμάσῃ,
1688 2450 1855 2519 ἀλλα
1892 2455 2033 2537 μετ’
2081 2456 2195 2521 εὐ-

290 2546 472 2615 νοιάς
505 2537 544 2604 ὃ
576 2545 745 2622 λέγω
779 2545 1202 2627 θεωρησατω.
1273 2555 1334 2611 εἰ
1362 2574 1487 2630 γαρ
1527 2553 1616 2632 ῆν
1653 2569 1858 2614 απασι
1889 2552 2191 2637 πρόδηλα

289 2661 369 2698 τα
393 2636 713 2718 μέλλοντα
737 2638 1172 2722 γενήσεσθαι,
1219 2645 1327 2709 καὶ
1352 2644 1726 2731 προῄδεσαν
1762 2648 2035 2731 πάντες,
2079 2655 2188 2715 και

287 2729 370 2794 σὺ
395 2732 785 2816 προῦλεγες,
811 2743 1083 2821 Αἰσχίνη
1103 2791 1116 2818 ,
1140 2743 1249 2805 καὶ
1275 2745 1716 2827 διεμαρτύρου
1739 2753 1920 2829 βοῶν
1943 2751 2049 2811 καὶ
2073 2775 2188 2813 κε-

284 2853 575 2912 κραγως,
616 2827 687 2906 ὃς
711 2830 860 2898 ουδ’
886 2837 1222 2921 ἐφθέγξω,
1270 2838 1417 2905 ουδ’
1445 2840 1655 2919 οὕτως
1680 2840 2086 2911 ἀποστατέον
2107 2855 2188 2933 τῇ
2205 2860 2309 2912 295

284 2928 469 2991 πόλει
502 2929 758 2995 τούτων
792 2925 909 3016 ἦν,
956 2943 1135 3018 εἴπερ
1170 2935 1408 3022 δόξης
1377 2937 1421 3023 η“
1444 2942 1798 3023 προγόνων
1820 2938 1863 3027 ἢ
1884 2952 2007 3009 τοῦ
2029 2948 2189 3027 μέλ-

159 3026 266 3077 200
281 3031 511 3098 λοντος
537 3027 788 3103 αἰῶνος
801 3028 925 3111 εἶχε
950 3032 1170 3114 λόγον.
1238 3042 1368 3099 νῦν
1390 3042 1510 3118 μέν
1531 3064 1607 3119 γε
1629 3036 1983 3123 ἀποτυχεῖν
2007 3046 2194 3108 δοκεῖ

282 3127 417 3185 τῶν
439 3125 873 3208 πραγμάτων,
901 3127 938 3192 ὃ
961 3150 1119 3194 πασι
1140 3134 1372 3200 κοινόν
1396 3138 1571 3198 ἐστιν
1587 3132 2051 3221 ἀνθρώποις,
2025 3138 2188 3206 όταν

284 3243 372 3283 τω
413 3228 557 3285 θεω
589 3229 794 3286 ταῦτα
831 3228 1022 3309 δοκῇ·
1069 3229 1215 3294 τότε
1239 3226 1302 3292 δ’
1330 3227 1601 3307 ἀξιουσα
1627 3236 2028 3313 προεστάναι
2049 3264 2187 3302 των

283 3314 533 3400 ἄλλων,
563 3314 675 3383 εἶτ’
703 3316 1044 3388 ἀποστασα
1063 3326 1329 3410 τούτου,
1365 3334 1670 3395 Φιλίππω
1695 3337 2186 3415 προδεδωκέναι

282 3413 531 3491 πάντας
554 3442 640 3480 αν
663 3420 847 3499 ἔσχεν
870 3425 1100 3486 αἰτιαν.
1164 3427 1224 3488 εἰ
1241 3449 1367 3506 γαρ
1392 3435 1597 3492 ταῦτα
1622 3443 1881 3510 προειτο
1904 3427 2181 3512 ἀκονιτὶ,
