2622 4065
481 313 733 374 ΠΕΡΙ
775 312 989 372 ΤΗΣ
1025 314 1922 382 ΠΑΡΑΠΡΕΣΒΕΙΑΣ.
2030 325 2160 387 317

248 474 490 559 ἐχθρὸς
510 474 621 538 καὶ
642 470 1078 557 γραμματεὺς,
1119 499 1205 549 ως
1226 469 1390 554 ὑπὲρ
1416 482 1530 559 τῆς
1554 478 1818 597 εἰρήνης
1839 482 2153 567 κρινόμε-

249 597 365 646 νος
389 567 893 654 απολογήσεται,
941 567 1061 652 οὐχ
1103 574 1211 635 ἵνα
1238 572 1568 640 πλειόνων
1600 571 1646 659 ἦ
1682 594 2041 663 κατηγορεῖ
2054 607 2154 660 τις

248 665 460 732 αὐτοῦ
483 672 574 754 δῷ
599 667 834 750 λόγον
873 674 1073 751 μανία
1094 670 1222 753 γαρ
1246 671 1444 736 τοῦτό
1465 698 1573 753 γε·
1618 672 1750 741 ἀλλ’
1780 674 1914 763 ὁρᾷ
1933 678 2146 766 τοῦθ’,

247 763 348 830 ὅτι
385 771 458 830 ἐν
490 766 608 848 μὲν
642 777 777 840 τοῖς
810 761 923 847 ὑφ’
962 762 1172 830 αὑτοῦ
1203 772 1685 852 πεπραγμένοις
1727 772 1991 855 αγαθὸν
2024 782 2148 862 μὲν

129 875 141 915 ἰ
246 860 444 928 οὐδέν
471 866 664 945 ἐστιν,
694 884 951 927 απαντα
983 864 1053 929 δὲ
1077 862 1517 950 ταδικήματα,
1554 865 1593 951 ἡ
1619 869 1682 933 δ
1710 869 1874 956 ὑπὲρ
1910 883 2026 960 τῆς
2050 883 2146 943 εί-

246 960 448 1044 ρήνης
471 956 811 1044 απολογία,
838 964 949 1026 καὶ
971 967 1031 1026 εἰ
1049 963 1253 1044 μηδὲν
1275 962 1472 1045 ἄλλο,
1508 966 1800 1051 τούνομα
1823 981 1993 1053 γοῦν
2015 979 2144 1058 ἔχει

157 1077 224 1130 96
244 1057 746 1142 φιλανθρωπον.
812 1055 897 1140 ἣν
931 1062 1192 1123 δέδοικα
1227 1061 1378 1144 μὲν,
1427 1054 1481 1126 ὦ
1503 1062 1740 1149 ανδρες
1777 1067 2140 1156 Ἀθηναῖοι,

243 1159 538 1236 δέδοικα,
585 1152 671 1237 μὴ
703 1153 1110 1240 λεληθαμεν,
1162 1157 1382 1240 ὥσπερ
1412 1165 1480 1225 οἱ
1510 1167 1988 1254 δανειζόμενοι,
2041 1174 2268 1237 ἐπὶ372

239 1250 517 1338 πολλῷ’
488 1252 788 1333 α’γοντες·
834 1253 906 1319 τὸ
931 1279 1058 1336 γαρ
1080 1252 1366 1338 ἀσφαλὲς
1390 1256 1594 1344 αὐτῆς
1625 1267 1736 1328 και
1771 1266 1842 1330 τὸ
1868 1270 2143 1350 βέβαιον

239 1341 423 1415 οὗτοι
447 1347 850 1433 προύδοσαν,
869 1352 1136 1427 Φωκέας
1154 1356 1262 1418 και
1283 1356 1670 1433 Πύλας·ού
1694 1359 1826 1445 μὴν
1850 1364 1958 1430 δια
1981 1374 2143 1431 τοῦ-ι

236 1444 355 1514 τόν
387 1471 462 1528 γε
498 1450 559 1523 ἐξ
588 1444 790 1530 αρχῆς
824 1449 1310 1534 έποιησαμεθα,
1342 1451 1477 1518 αλλ’
1508 1455 1761 1523 α’τοπον
1798 1466 1918 1542 μέν
1964 1467 2142 1529 ἐστιν

236 1541 275 1607 ὃ
295 1546 507 1626 μέλλω
531 1548 763 1627 λέγειν,
790 1544 1034 1628 αληθες
1059 1549 1129 1610 δὲ
1152 1547 1364 1612 πάνυ·
1412 1556 1471 1616 εἰ
1491 1578 1615 1634 γαρ
1643 1582 1738 1630 τις
1765 1583 1849 1633 ως
1873 1556 2144 1643 ἄληθως

236 1648 442 1758 χαίρει
465 1649 546 1727 τῇ
581 1643 840 1760 εἰρήνῃ,
893 1659 1028 1720 τοις
1065 1662 1476 1765 στρατηγοῖς,
1523 1654 1615 1715 ὠν
1652 1666 2140 1740 κατηγοροῦσιν

236 1738 545 1820 ἅπαντες,
590 1739 786 1823 χάριν
819 1738 1020 1825 αὐτῆς
1056 1746 1265 1824 ἐχέτω.
1343 1751 1402 1810 εί
1419 1749 1546 1832 γάρ
1573 1752 1809 1815 ἐκεῖνοι
1842 1780 1928 1830 ως
1952 1753 2137 1839 ὑμεις

234 1836 594 1918 εβούλεσθε
639 1840 1035 1922 ἐπολέμουν,
1101 1840 1248 1905 οὐδ’
1287 1840 1497 1928 ὄνομα
1532 1847 1857 1932 εἰρήνης
1829 1848 1914 1916 α“ν
1947 1850 2137 1937 ὑμεῖς

148 1957 212 2008 97
231 1930 606 2015 ἠνέσχεσθε
675 1934 899 2019 είρηνη
927 1963 1047 2019 μεν
1081 1942 1208 2002 οὐν
1243 1939 1321 2004 δι’
1347 1946 1667 2029 ἐκείνους,
1716 1952 2136 2032 ἐπικίνδυνος

234 2029 303 2094 δε
325 2034 434 2095 και
457 2030 753 2114 σφαλερα
782 2037 889 2099 και
925 2035 1196 2113 ἄπιστος
1220 2040 1328 2104 δια
1364 2042 1640 2121 τούτους
1661 2051 1893 2129 γέγονε
1917 2056 2133 2134 δωρο-

232 2126 651 2210 δοκήσαντας.
720 2129 956 2217 εἴργετ’
982 2137 1127 2218 οὐν,
1167 2146 1414 2219 εἴργετε
1438 2141 1644 2209 αὐτὸν
1666 2153 1802 2211 τῶν
1824 2149 1990 2232 υπερ
2014 2158 2134 2234 τῆς

230 2226 490 2309 εἰρήνης
513 2227 751 2312 λόγων,
778 2235 867 2305 εἰς
888 2233 956 2296 δε
978 2231 1132 2307 τοὺς
1154 2258 1318 2359 υπερ
1342 2246 1474 2302 τῶν
1512 2248 1989 2366 πεπραγμένων
2011 2251 2131 2332 ἐμ-

228 2323 534 2407 βιβαζετε.
594 2323 688 2390 ού
696 2353 823 2411 γαρ
850 2330 1218 2420 Αἰσχίνης
1182 2333 1349 2417 υπερ
1384 2344 1497 2419 τῆς
1533 2343 1792 2425 εἰρήνης
1815 2352 2129 2430 κρίνεται,

229 2416 332 2500 οὐ,
367 2418 503 2486 αλλ’
526 2420 566 2538 η
606 2424 830 2546 εἰρήνη
857 2426 934 2490 δι’
974 2435 1290 2514 Αἰσχίνην
1332 2436 1766 2521 διαβέβληται
1858 2463 2017 2527 σημ
1999 2457 2131 2510 ἴον

228 2520 325 2580 δέ·
374 2523 435 2581 εἰ
472 2545 598 2601 γαρ
645 2519 686 2602 ἡ
731 2548 850 2603 μεν
896 2526 1121 2607 εἰρηνη
1159 2530 1480 2614 ἐγεγόνει,
1520 2535 1813 2615 μηδενδ’
1844 2539 2132 2623 ὕστερον

225 2613 631 2695 ἐξηπατησθε
670 2612 854 2699 ὑμεῖς
891 2618 1047 2702 μηδ’
1060 2623 1408 2690 ἀπωλώλει
1433 2653 1568 2691 των
1604 2633 1965 2714 συμμαχων
1999 2661 2130 2719 μη-

226 2710 387 2791 δεὶς,
454 2707 565 2775 τίν
620 2708 1002 2796 ἀνθρώπων
1064 2717 1387 2803 ἐλύπησεν
1442 2720 1527 2788 o'c'v
1584 2724 1623 2808 ἡ
1691 2727 1950 2814 εἰρήνη,
2003 2736 2129 2810 ἔξω

86 2836 89 2838 ·
224 2814 344 2870 τοῦ
388 2805 618 2886 αδοξος
659 2821 1084 2897 γεγενῆσθαις
1147 2823 1358 2883 καίτοι
1423 2824 1532 2885 καὶ
1596 2823 1837 2890 τούτου
1888 2837 2128 2895 συναί-

143 2979 151 2983 ,
224 2929 358 2980 τιος
402 2932 597 2984 ουτος
642 2911 975 2978 συνειπων
1022 2918 1428 2999 Φιλοκρατει.
1493 2917 1626 2985 ἀλλ’
1657 2920 2027 3007 ανήκεστόν
2056 2925 2122 3012 γ’

225 2998 423 3066 ουδὲν
466 2999 552 3067 α“ν
593 3031 680 3088 ην
719 3010 1007 3090 γεγονός.
1079 3040 1206 3078 νυν
1243 3011 1303 3077 δ’
1313 3014 1579 3102 ,οἷμαι,
1629 3031 1892 3087 πολλῶν
1919 3035 2126 3101 αἰτιος

99 3187 109 3259 ’,
139 3213 206 3268 98
374 3194 512 3262 Ὅτι
545 3200 668 3284 μὲν
699 3210 928 3269 τοίνυν
968 3212 1248 3333 αἰσχροῖς
1280 3214 1389 3276 καὶ
1424 3222 1644 3292 κακῶς
1677 3218 1892 3285 πάντα
1926 3226 2125 3287 ταῦθ’

224 3289 353 3357 υπὸ
399 3295 655 3363 τούτων
697 3296 997 3368 ἀπόλωλε
1039 3308 1147 3371 καὶ
1194 3313 1608 3399 διέφθαρται,
1655 3314 1835 3400 οἶμαι
1875 3318 2126 3395 πάντας

223 3387 397 3474 υμᾶς
424 3397 681 3461 εἰδέναι.
750 3397 876 3482 ἐγω
901 3397 963 3465 δ’
970 3428 1065 3485 ,ω
1088 3403 1341 3489 ἄνδρες
1350 3413 1666 3494 δικασταὶ,
1692 3414 1944 3480 τοσοῦτ’
1964 3414 2124 3479 απέ-

222 3513 316 3572 χω
336 3515 458 3556 του
485 3504 940 3579 συκοφαντίαν
965 3499 1114 3567 τινὰ
1138 3517 1273 3581 τοῖς
1291 3506 1901 3591 πράγμασιτούτοις
1916 3533 2127 3593 προσ-
