2622 4065
412 320 538 382 274
623 330 626 334 “
835 323 1025 377 XVIII.
1094 312 1926 378 ΔΗΜΟΣΘΕΝΟΥΣ
2058 308 2060 310 ’

414 498 523 544 σοι
545 479 711 561 πρὸς
743 477 968 602 αύτὸν,
1007 483 1085 563 τῇ
1111 479 1477 560 μισθαρνίᾳ
1501 483 1708 542 ταῦτα
1732 477 2235 560 μετατιθέμενος
2255 472 2334 541 τὰ

417 575 739 662 ὀνόματα·
786 580 857 642 ἐκ
884 582 1070 649 ποίας
1093 571 1221 656 γὰρ
1240 582 1384 655 ἴσης
1406 569 1449 655 ὴ
1477 577 1728 650 δικαίας
1770 573 2165 691 προφάσεως
2209 578 2338 638 Αἰ-

418 683 606 760 σχίνῃ
630 701 718 739 τω
746 672 1177 747 Γλαυκοθέας
1191 678 1302 754 τῆς
1330 678 1848 754 τυμπανιστρίας
1874 667 2111 748 ξένος
2080 698 2119 753 η
2149 678 2340 754 φίλος

416 769 460 856 ἦ
483 773 815 868 γνώριμος
838 766 923 855 ἦν
951 777 1306 845 Φίλιππος;
1344 767 1469 852 ἐγώ
1515 797 1634 852 μεν
1660 766 1782 852 οὐχ
1808 765 1979 852 ὁρω,
2030 765 2166 833 αλλ’
2198 771 2339 852 ἐμι-

418 871 698 953 σθωθης
748 873 853 934 ἐπὶ
896 878 988 955 τῷ
1031 866 1110 932 τὰ
1136 868 1417 933 τουτωνὶ
1443 869 1868 950 συμφέροντα
1894 870 2332 949 διαφθείρειν.

417 965 552 1035 ἀλλ’
584 966 762 1051 ὅμως
798 966 971 1032 ούτω
1008 974 1316 1050 φανερῶς
1355 964 1554 1042 αὐτὸς
1591 968 1973 1048 εἰλημμένος
2008 962 2336 1078 προδότης

416 1066 527 1130 καὶ
571 1091 736 1129 κατα
785 1074 1037 1129 σαυτοῦ
1082 1090 1377 1147 μηνυτης
1412 1064 1516 1128 ἐπὶ
1548 1076 1682 1138 τοῖς
1710 1069 2012 1182 Ἑσυμβᾶσι
2045 1086 2338 1144 γεγονως
2423 1126 2427 1129 ‚

422 1163 565 1244 ἐμοὶ
589 1148 881 1245 λοιδορεῖ
896 1162 1005 1226 καὶ
1031 1160 1364 1239 ὀνειδίζεις
1398 1168 1642 1244 ταῦτα,
1683 1163 1778 1224 ω“ν
1813 1158 2061 1235 πάντας
2085 1167 2337 1259 μᾶλλον

420 1265 668 1334 αἰτίους
697 1257 1012 1342 εὑρήσεις.

295 1368 398 1421 285
591 1354 820 1421 Πολλα
850 1361 957 1420 καὶ
980 1356 1148 1420 καλα
1170 1357 1277 1421 καὶ
1301 1355 1550 1438 μεγάλα
1574 1383 1613 1440 η
1643 1356 1862 1438 πόλις,
1891 1362 2165 1438 Αἰσχίνη
2185 1406 2201 1439 ,
2228 1356 2339 1418 καὶ

420 1461 760 1536 προείλετο
785 1456 894 1518 και
915 1453 1324 1534 κατωρθωσε
1351 1452 1421 1516 δι
1457 1456 1652 1536 ἐμοῦ,
1681 1456 1776 1517 αῑν
1802 1450 1925 1516 ούκ
1947 1449 2338 1534 ημνημόνη-

421 1572 556 1618 σεν.
610 1546 880 1635 σημειον
907 1554 1008 1615 δέ
1052 1558 1453 1635 χειροτονῶν
1477 1577 1602 1634 γαρ
1634 1549 1666 1615 ὁ
1706 1555 1908 1668 δῆμος
1929 1547 2048 1615 τὸν
2070 1544 2329 1631 ἐροῦντ’

420 1652 528 1715 ἐπὶ
561 1663 700 1724 τοῖς
724 1649 1219 1732 τετελευτηκόσι
1255 1646 1402 1731 παρ’
1445 1646 1612 1712 αὐτα
1657 1648 1737 1713 τὰ
1773 1648 2117 1733 συμβάντα
2156 1643 2235 1711 ού
2266 1644 2338 1710 σὲ

417 1748 871 1830 ἐχειροτόνησε
895 1749 1380 1830 προβληθέντα,
1410 1754 1644 1827 καίπερ
1672 1746 1983 1865 εὔφωνον
2008 1744 2189 1828 ὄντα,
2220 1740 2341 1808 οῦ-

421 1845 492 1910 δε
517 1844 921 1929 Δημάδην,’
894 1845 1042 1926 άρτι
1067 1845 1466 1927 πεποιηκότα
1493 1843 1614 1927 τὴν
1642 1850 1933 1928 ειρηνην,
1971 1839 2121 1908 οὐδ’
2140 1839 2341 1926 Ηγή-

420 1969 614 2028 μονα,
647 1940 794 2008 οὐδ’
827 1943 1033 2008 άλλον
1058 1938 1251 2025 ὑμων
1275 1939 1538 2024 οὐδένα,
1568 1939 1701 2007 ἀλλ’
1732 1943 1860 2024 ἐμέ.
1936 1941 2046 2005 καὶ
2093 1946 2341 2023 παρελ-

418 2040 665 2117 θόντος
714 2049 841 2105 σοῦ
881 2042 993 2105 καὶ
1039 2044 1480 2117 Πυθοκλέους
1529 2068 1718 2124 ωμως
1761 2067 1868 2104 και
1917 2036 2236 2122 άναιδως,
2285 2062 2335 2100 ω
2356 2060 2452 2112 321

416 2146 555 2208 Ζεῦ
578 2144 687 2205 και
710 2141 878 2221 θεοὶ,
919 2139 1028 2204 και
1055 2140 1610 2223 κατηγορούντων
1634 2142 1797 2221 ἐμοῦ
1817 2134 2023 2203 ταύτὰ
2049 2133 2087 2201 ἁ
2081 2136 2225 2202 καὶ
2253 2132 2338 2200 σύ

418 2240 607 2321 νυνὶ,
654 2241 765 2303 καὶ
799 2240 1367 2320 λοιδορουμένων,
1397 2234 1486 2301 ἔτ’
1514 2237 1789 2319 ἄμεινον
1845 2231 2339 2317 ἐχειροτόνησεν

297 2345 399 2397 286
422 2339 549 2420 ἐμέ.
597 2335 669 2400 τὸ
699 2333 757 2398 δ’
789 2344 1003 2399 αἴτιον
1030 2332 1155 2399 οὐκ
1183 2332 1443 2415 ἀγνοεῖς
1466 2360 1617 2415 μεν,
1667 2331 1843 2415 όμως
1879 2332 1948 2396 δε
1974 2331 2209 2447 φράσω
2234 2348 2339 2394 σοι

419 2431 627 2516 κάγοί.
677 2428 988 2515 ἀμφότερ’
1012 2429 1259 2517 ᾔδεσαν
1284 2456 1492 2510 ουτοι,
1516 2429 1638 2513 τήν
1659 2427 1717 2494 τ’
1750 2427 1913 2512 ἐμὴν
1930 2424 2201 2493 εύνοιαν
2229 2428 2338 2492 καὶ

422 2536 842 2653 προθυμίαν,
893 2526 1039 2612 μεθ’
1081 2530 1157 2612 ἧς
1193 2530 1273 2594 τὰ
1307 2529 1615 2612 πράγματ
1625 2525 2019 2611 ἔπραττον,
2072 2528 2183 2591 και
2215 2522 2337 2610 τὴν

419 2626 747 2714 υμετέραν
784 2625 1083 2693 άδικίαν·
1132 2654 1172 2690 α
1209 2653 1337 2710 γαρ
1376 2625 1844 2692 εὐθενούντων
1870 2651 2002 2689 των
2029 2621 2337 2707 πραγμά-

340 2803 343 2806 ,
416 2755 551 2794 των
575 2727 891 2813 ἠρνεῖσθε
915 2725 1365 2809 διομνύμενοι,
1390 2720 1575 2790 ταῦτ’
1604 2726 1674 2789 ἐν
1701 2717 1795 2799 οἷς
1820 2726 2124 2787 ἔπταισεν
2149 2717 2187 2803 ἡ
2211 2719 2337 2784 πό-

417 2835 517 2903 λις
544 2823 1029 2910 ὡμολογήσατε.
1091 2821 1249 2900 τούς
1287 2816 1410 2888 οὖν
1437 2825 1540 2888 ἐπὶ
1575 2835 1709 2897 τοῖς
1733 2829 1977 2895 κοινοῖς
1998 2816 2336 2901 ἀτυχήμα-

420 2943 530 2990 σιν
559 2916 657 2989 οἷν
680 2923 1021 3007 ἐφρόνουν
1043 2921 1369 3006 λαβόντας
1406 2920 1637 2985 ἄδειαν
1661 2914 1942 3003 ἐχθρούς
1963 2914 2085 3000 μὲν
2111 2916 2332 3001 πάλαι,

292 3045 399 3103 287
420 3020 757 3111 φανεροὺς
803 3020 874 3086 δὲ
907 3017 1050 3087 τόθ’
1078 3016 1412 3105 ἡγήσαντο
1449 3016 1672 3096 αὐτοῖς
1704 3023 2132 3101 γεγενῆσθαι·
2200 3013 2336 3080 εἶτα

416 3125 527 3189 καὶ
568 3121 932 3207 προσήκειν
975 3117 1561 3247 ὑπολαμβάνοντες
1605 3116 1724 3183 τὸν
1762 3111 2022 3234 ἐροῦντ’
2063 3114 2165 3178 ἐπὶ
2200 3126 2335 3190 τοῖς

414 3221 909 3341 τετελευτηκόσι
970 3221 1080 3285 και
1137 3218 1261 3304 τὴν
1307 3222 1582 3285 ἐκείνων
1628 3214 1867 3301 άρετην
1915 3213 2334 3299 κοσμήσοντα

412 3319 569 3408 μήθ’
613 3317 1006 3406 ὁμωρόφιον
1026 3316 1184 3404 μήθ’
1215 3315 1646 3403 ὁμόσπονδον
1686 3317 2128 3400 γεγενημένον
2167 3310 2333 3377 εἶναι

411 3437 550 3500 τοῖς
575 3421 745 3505 πρὸς
772 3424 1068 3497 ἐκείνους
1094 3421 1680 3504 παραταξαμένοις,
1709 3410 1872 3499 μηδ’
1899 3415 2038 3478 ἐκεῖ
1925 3437 2173 3514 7Ἦμεν
2198 3437 2333 3478 κω-

408 3524 636 3611 μάζειν
674 3548 785 3589 και
835 3524 1201 3599 παιανίζειν
1241 3519 1347 3585 ἐπὶ
1384 3530 1524 3594 ταις
1559 3540 1694 3581 των
1712 3488 2042 3597 Ελλήνων
2070 3529 2333 3597 συμφο-
