<?xml version="1.0" encoding="UTF-8"?>
<!DOCTYPE html PUBLIC "-//W3C//DTD XHTML 1.0 Transitional//EN"
    "http://www.w3.org/TR/xhtml1/DTD/xhtml1-transitional.dtd">
<html xmlns="http://www.w3.org/1999/xhtml" xml:lang="en" lang="en">
 <head>
  <title>
</title>
<meta http-equiv="Content-Type" content="text/html;charset=utf-8" />
  <meta name='ocr-system' content='tesseract 3.04.00' />
  <meta name='ocr-capabilities' content='ocr_page ocr_carea ocr_par ocr_line ocrx_word'/>
</head>
<body>
  <div class='ocr_page' id='page_1' title='image "./demosthenisorat13demogoog_0047.png"; bbox 0 0 2622 4065; ppageno 0'>
   <div class='ocr_carea' id='block_1_1' title="bbox 0 67 496 247">
    <p class='ocr_par' dir='ltr' id='par_1_1' title="bbox 0 67 496 247">
     <span class='ocr_line' id='line_1_1' title="bbox 0 67 496 247; baseline 0 3818"><span class='ocrx_word' id='word_1_1' title='bbox 0 67 496 247; x_wconf 95' lang='lat' dir='ltr'><em> </em></span> 
     </span>
    </p>
   </div>
   <div class='ocr_carea' id='block_1_2' title="bbox 691 294 2227 410">
    <p class='ocr_par' dir='ltr' id='par_1_2' title="bbox 691 294 2227 410">
     <span class='ocr_line' id='line_1_2' title="bbox 691 294 2227 410; baseline 0.005 -27"><span class='ocrx_word' id='word_1_2' title='bbox 691 313 951 385; x_wconf 81' lang='grc' dir='ltr'><em>ΠΕΡΙ</em></span> <span class='ocrx_word' id='word_1_3' title='bbox 991 325 1189 387; x_wconf 70' lang='grc' dir='ltr'><em>Τον</em></span> <span class='ocrx_word' id='word_1_4' title='bbox 1226 294 1828 388; x_wconf 65' lang='grc' dir='ltr'><em>ΣΤΕΦΑΝΟΤ.</em></span> <span class='ocrx_word' id='word_1_5' title='bbox 2014 297 2017 299; x_wconf 63' lang='grc'><strong><em>’</em></strong></span> <span class='ocrx_word' id='word_1_6' title='bbox 2097 330 2227 410; x_wconf 78' lang='lat'><em>229</em></span> 
     </span>
    </p>
   </div>
   <div class='ocr_carea' id='block_1_3' title="bbox 301 484 2228 574">
    <p class='ocr_par' dir='ltr' id='par_1_3' title="bbox 301 484 2228 574">
     <span class='ocr_line' id='line_1_3' title="bbox 301 484 2228 574; baseline 0.004 -22"><span class='ocrx_word' id='word_1_7' title='bbox 301 493 387 552; x_wconf 58' lang='grc' dir='ltr'><em>&gt;τί</em></span> <span class='ocrx_word' id='word_1_8' title='bbox 417 484 658 568; x_wconf 91' lang='grc' dir='ltr'><em>λόγους</em></span> <span class='ocrx_word' id='word_1_9' title='bbox 691 485 1024 565; x_wconf 81' lang='grc' dir='ltr'><em>πλάττεις;</em></span> <span class='ocrx_word' id='word_1_10' title='bbox 1080 492 1149 551; x_wconf 91' lang='grc' dir='ltr'><em>τί</em></span> <span class='ocrx_word' id='word_1_11' title='bbox 1185 486 1434 553; x_wconf 82' lang='grc' dir='ltr'><em>σαυτὸν</em></span> <span class='ocrx_word' id='word_1_12' title='bbox 1477 485 1608 552; x_wconf 80' lang='grc' dir='ltr'><em>οὐκ</em></span> <span class='ocrx_word' id='word_1_13' title='bbox 1658 491 2085 574; x_wconf 68' lang='grc' dir='ltr'><em>ἐλλεβορίζεις,</em></span> <span class='ocrx_word' id='word_1_14' title='bbox 2124 496 2228 559; x_wconf 82' lang='grc' dir='ltr'><em>ἐπὶ</em></span> 
     </span>
    </p>
   </div>
   <div class='ocr_carea' id='block_1_4' title="bbox 149 571 2225 676">
    <p class='ocr_par' dir='ltr' id='par_1_4' title="bbox 149 571 2225 676">
     <span class='ocr_line' id='line_1_4' title="bbox 149 571 2225 676; baseline 0.003 -25"><span class='ocrx_word' id='word_1_15' title='bbox 149 571 150 574; x_wconf 16' lang='lat'>¹</span> <span class='ocrx_word' id='word_1_16' title='bbox 245 612 250 651; x_wconf 82' lang='grc' dir='ltr'><em>ῖ</em></span> <span class='ocrx_word' id='word_1_17' title='bbox 320 583 606 660; x_wconf 79' lang='grc' dir='ltr'><em>τούτοις;</em></span> <span class='ocrx_word' id='word_1_18' title='bbox 667 580 803 650; x_wconf 79' lang='grc' dir='ltr'><em>ἀλλ’</em></span> <span class='ocrx_word' id='word_1_19' title='bbox 842 582 986 650; x_wconf 78' lang='grc' dir='ltr'><em>οὐδ’</em></span> <span class='ocrx_word' id='word_1_20' title='bbox 1029 584 1324 668; x_wconf 77' lang='grc' dir='ltr'><em>αἰσχύνει</em></span> <span class='ocrx_word' id='word_1_21' title='bbox 1361 586 1635 669; x_wconf 78' lang='grc' dir='ltr'><em>φθόνου</em></span> <span class='ocrx_word' id='word_1_22' title='bbox 1679 592 1873 672; x_wconf 83' lang='grc' dir='ltr'><em>δίκην</em></span> <span class='ocrx_word' id='word_1_23' title='bbox 1918 590 2225 676; x_wconf 82' lang='grc' dir='ltr'><em>εἰσάγων,</em></span> 
     </span>
    </p>
   </div>
   <div class='ocr_carea' id='block_1_5' title="bbox 244 680 2228 972">
    <p class='ocr_par' dir='ltr' id='par_1_5' title="bbox 244 680 2228 972">
     <span class='ocr_line' id='line_1_5' title="bbox 323 680 2228 774; baseline 0.005 -26"><span class='ocrx_word' id='word_1_24' title='bbox 323 680 449 748; x_wconf 78' lang='grc' dir='ltr'><em>οὐκ</em></span> <span class='ocrx_word' id='word_1_25' title='bbox 488 680 884 766; x_wconf 71' lang='grc' dir='ltr'><em>ἀδικήματος</em></span> <span class='ocrx_word' id='word_1_26' title='bbox 915 680 1220 766; x_wconf 75' lang='grc' dir='ltr'><em>οὐδενὸς,</em></span> <span class='ocrx_word' id='word_1_27' title='bbox 1266 687 1377 749; x_wconf 85' lang='grc' dir='ltr'><em>καὶ</em></span> <span class='ocrx_word' id='word_1_28' title='bbox 1412 684 1661 768; x_wconf 87' lang='grc' dir='ltr'><em>νόμους</em></span> <span class='ocrx_word' id='word_1_29' title='bbox 1683 685 1842 764; x_wconf 76' lang='grc' dir='ltr'><em>τους</em></span> <span class='ocrx_word' id='word_1_30' title='bbox 1864 687 1987 773; x_wconf 74' lang='grc' dir='ltr'><em>μὲν</em></span> <span class='ocrx_word' id='word_1_31' title='bbox 2027 703 2228 774; x_wconf 86' lang='grc' dir='ltr'><em>μετα-</em></span> 
     </span>
     <span class='ocr_line' id='line_1_6' title="bbox 244 777 2225 901; baseline 0.006 -57"><span class='ocrx_word' id='word_1_32' title='bbox 244 796 246 798; x_wconf 83' lang='grc'><strong>’</strong></span> <span class='ocrx_word' id='word_1_33' title='bbox 319 788 561 862; x_wconf 75' lang='grc' dir='ltr'><em>ποιῶν,</em></span> <span class='ocrx_word' id='word_1_34' title='bbox 605 787 739 844; x_wconf 82' lang='grc' dir='ltr'><em>των</em></span> <span class='ocrx_word' id='word_1_35' title='bbox 778 777 836 845; x_wconf 83' lang='grc' dir='ltr'><em>δ’</em></span> <span class='ocrx_word' id='word_1_36' title='bbox 879 779 1186 863; x_wconf 74' lang='grc' dir='ltr'><em>ἀφαιρῶν</em></span> <span class='ocrx_word' id='word_1_37' title='bbox 1223 783 1411 901; x_wconf 78' lang='grc' dir='ltr'><em>μέρη,</em></span> <span class='ocrx_word' id='word_1_38' title='bbox 1456 780 1573 858; x_wconf 78' lang='grc' dir='ltr'><em>οὓς</em></span> <span class='ocrx_word' id='word_1_39' title='bbox 1606 782 1807 862; x_wconf 85' lang='grc' dir='ltr'><em>όλους</em></span> <span class='ocrx_word' id='word_1_40' title='bbox 1844 791 2104 855; x_wconf 87' lang='grc' dir='ltr'><em>δίκαιον</em></span> <span class='ocrx_word' id='word_1_41' title='bbox 2130 782 2225 874; x_wconf 80' lang='grc' dir='ltr'><em>ἦν</em></span> 
     </span>
     <span class='ocr_line' id='line_1_7' title="bbox 301 878 2222 972; baseline 0.004 -28.076"><span class='ocrx_word' id='word_1_42' title='bbox 301 878 934 962; x_wconf 73' lang='grc' dir='ltr'><em>ἀναγιγνώσκεσθαι</em></span> <span class='ocrx_word' id='word_1_43' title='bbox 955 894 1087 956; x_wconf 80' lang='grc' dir='ltr'><em>τοῖς</em></span> <span class='ocrx_word' id='word_1_44' title='bbox 1109 905 1185 961; x_wconf 88' lang='grc' dir='ltr'><em>γε</em></span> <span class='ocrx_word' id='word_1_45' title='bbox 1211 878 1593 962; x_wconf 78' lang='grc' dir='ltr'><em>ὀμωμοκόσι</em></span> <span class='ocrx_word' id='word_1_46' title='bbox 1615 880 1777 948; x_wconf 79' lang='grc' dir='ltr'><em>κατὰ</em></span> <span class='ocrx_word' id='word_1_47' title='bbox 1793 886 1948 963; x_wconf 77' lang='grc' dir='ltr'><em>τοὺς</em></span> <span class='ocrx_word' id='word_1_48' title='bbox 1971 888 2222 972; x_wconf 87' lang='grc' dir='ltr'><em>νόμους</em></span> 
     </span>
    </p>
   </div>
   <div class='ocr_carea' id='block_1_6' title="bbox 147 982 2219 1068">
    <p class='ocr_par' dir='ltr' id='par_1_6' title="bbox 79 944 2219 1068">
     <span class='ocr_line' id='line_1_8' title="bbox 147 982 2219 1068; baseline 0.006 -26.619"><span class='ocrx_word' id='word_1_49' title='bbox 147 991 150 994; x_wconf 72' lang='grc'><em>’</em></span> <span class='ocrx_word' id='word_1_50' title='bbox 197 991 298 1042; x_wconf 76' lang='lat'><em>122</em></span> <span class='ocrx_word' id='word_1_51' title='bbox 318 988 739 1062; x_wconf 75' lang='grc' dir='ltr'><em>ψηφιεῖσθαις</em></span> <span class='ocrx_word' id='word_1_52' title='bbox 785 983 1003 1044; x_wconf 81' lang='grc' dir='ltr'><em>ἔπειτα</em></span> <span class='ocrx_word' id='word_1_53' title='bbox 1038 987 1310 1044; x_wconf 84' lang='grc' dir='ltr'><em>τοιαῦτα</em></span> <span class='ocrx_word' id='word_1_54' title='bbox 1348 1002 1560 1044; x_wconf 87' lang='grc' dir='ltr'><em>ποιων</em></span> <span class='ocrx_word' id='word_1_55' title='bbox 1591 982 1849 1064; x_wconf 87' lang='grc' dir='ltr'><em>λέγεις</em></span> <span class='ocrx_word' id='word_1_56' title='bbox 1822 984 1865 1048; x_wconf 74' lang='grc' dir='ltr'><em>οἱ</em></span> <span class='ocrx_word' id='word_1_57' title='bbox 1891 989 1993 1050; x_wconf 87' lang='grc' dir='ltr'><em>δει</em></span> <span class='ocrx_word' id='word_1_58' title='bbox 2007 1007 2219 1068; x_wconf 80' lang='grc' dir='ltr'><em>προσ-</em></span> 
     </span>
    </p>
   </div>
   <div class='ocr_carea' id='block_1_7' title="bbox 227 1074 2262 1658">
    <p class='ocr_par' dir='ltr' id='par_1_7' title="bbox 317 1074 2218 1162">
     <span class='ocr_line' id='line_1_9' title="bbox 317 1074 2218 1162; baseline 0.005 -22"><span class='ocrx_word' id='word_1_59' title='bbox 317 1089 484 1140; x_wconf 92' lang='grc' dir='ltr'><em>ειναι</em></span> <span class='ocrx_word' id='word_1_60' title='bbox 506 1082 601 1162; x_wconf 72' lang='grc' dir='ltr'><em>τῷ</em></span> <span class='ocrx_word' id='word_1_61' title='bbox 624 1080 976 1160; x_wconf 76' lang='grc' dir='ltr'><em>δημοτικῷ,</em></span> <span class='ocrx_word' id='word_1_62' title='bbox 1018 1074 1238 1160; x_wconf 81' lang='grc' dir='ltr'><em>ω’σπερ</em></span> <span class='ocrx_word' id='word_1_63' title='bbox 1264 1075 1630 1160; x_wconf 88' lang='grc' dir='ltr'><em>ἀνδριάντα</em></span> <span class='ocrx_word' id='word_1_64' title='bbox 1654 1082 2031 1160; x_wconf 83' lang='grc' dir='ltr'><em>ἑκδεδωκως</em></span> <span class='ocrx_word' id='word_1_65' title='bbox 2054 1086 2218 1149; x_wconf 77' lang='grc' dir='ltr'><em>κατὰ</em></span> 
     </span>
    </p>

    <p class='ocr_par' dir='ltr' id='par_1_8' title="bbox 227 1142 2262 1658">
     <span class='ocr_line' id='line_1_10' title="bbox 227 1142 2262 1265; baseline 0.005 -29"><span class='ocrx_word' id='word_1_66' title='bbox 227 1234 229 1236; x_wconf 85' lang='grc'><em>,</em></span> <span class='ocrx_word' id='word_1_67' title='bbox 314 1142 747 1257; x_wconf 77' lang='grc' dir='ltr'><em>συγγράφὴν,</em></span> <span class='ocrx_word' id='word_1_68' title='bbox 796 1170 900 1237; x_wconf 77' lang='grc' dir='ltr'><em>εἶτ’</em></span> <span class='ocrx_word' id='word_1_69' title='bbox 932 1171 1055 1239; x_wconf 79' lang='grc' dir='ltr'><em>οὐκ</em></span> <span class='ocrx_word' id='word_1_70' title='bbox 1091 1180 1322 1257; x_wconf 80' lang='grc' dir='ltr'><em>ἔχοντα</em></span> <span class='ocrx_word' id='word_1_71' title='bbox 1359 1172 1401 1239; x_wconf 70' lang='lat' dir='ltr'><em>c‘e&#39;</em></span> <span class='ocrx_word' id='word_1_72' title='bbox 1436 1186 1772 1261; x_wconf 82' lang='grc' dir='ltr'><em>προσῆκεν</em></span> <span class='ocrx_word' id='word_1_73' title='bbox 1807 1183 1877 1244; x_wconf 81' lang='grc' dir='ltr'><em>ἐκ</em></span> <span class='ocrx_word' id='word_1_74' title='bbox 1914 1188 2028 1264; x_wconf 81' lang='grc' dir='ltr'><em>τῆς</em></span> <span class='ocrx_word' id='word_1_75' title='bbox 2052 1201 2222 1265; x_wconf 81' lang='grc' dir='ltr'><em>συγ-</em></span> <span class='ocrx_word' id='word_1_76' title='bbox 2255 1228 2262 1234; x_wconf 80' lang='grc'>-</span> 
     </span>
     <span class='ocr_line' id='line_1_11' title="bbox 312 1268 2220 1362; baseline 0.004 -26"><span class='ocrx_word' id='word_1_77' title='bbox 312 1279 573 1356; x_wconf 77' lang='grc' dir='ltr'><em>γραφῆς</em></span> <span class='ocrx_word' id='word_1_78' title='bbox 593 1271 1045 1355; x_wconf 82' lang='grc' dir='ltr'><em>κομιζόμενος,</em></span> <span class='ocrx_word' id='word_1_79' title='bbox 1072 1268 1115 1355; x_wconf 74' lang='grc' dir='ltr'><strong><em>ἦ</em></strong></span> <span class='ocrx_word' id='word_1_80' title='bbox 1137 1271 1310 1358; x_wconf 74' lang='grc' dir='ltr'><em>λόγῳ</em></span> <span class='ocrx_word' id='word_1_81' title='bbox 1339 1272 1490 1350; x_wconf 79' lang='grc' dir='ltr'><em>τούς</em></span> <span class='ocrx_word' id='word_1_82' title='bbox 1517 1275 1929 1362; x_wconf 74' lang='grc' dir='ltr'><em>δημοτικοὺς,</em></span> <span class='ocrx_word' id='word_1_83' title='bbox 1969 1277 2107 1344; x_wconf 83' lang='grc' dir='ltr'><em>ἀλλ’</em></span> <span class='ocrx_word' id='word_1_84' title='bbox 2134 1278 2220 1346; x_wconf 79' lang='grc' dir='ltr'><em>οὐ</em></span> 
     </span>
     <span class='ocr_line' id='line_1_12' title="bbox 304 1368 2214 1492; baseline 0.005 -58"><span class='ocrx_word' id='word_1_85' title='bbox 304 1383 443 1446; x_wconf 72' lang='grc' dir='ltr'><em>’τοῖς</em></span> <span class='ocrx_word' id='word_1_86' title='bbox 475 1368 811 1492; x_wconf 72' lang='grc' dir='ltr'><em>πράγμασι</em></span> <span class='ocrx_word' id='word_1_87' title='bbox 834 1372 943 1435; x_wconf 82' lang='grc' dir='ltr'><em>καὶ</em></span> <span class='ocrx_word' id='word_1_88' title='bbox 976 1383 1108 1446; x_wconf 81' lang='grc' dir='ltr'><em>τοῖς</em></span> <span class='ocrx_word' id='word_1_89' title='bbox 1156 1373 1586 1455; x_wconf 81' lang='grc' dir='ltr'><em>πολιτεύμασι</em></span> <span class='ocrx_word' id='word_1_90' title='bbox 1620 1382 2214 1460; x_wconf 79' lang='grc' dir='ltr'><em>γιγνωσκομένους.</em></span> 
     </span>
     <span class='ocr_line' id='line_1_13' title="bbox 310 1467 2211 1560; baseline 0.006 -28"><span class='ocrx_word' id='word_1_91' title='bbox 310 1471 416 1533; x_wconf 83' lang='grc' dir='ltr'><em>καὶ</em></span> <span class='ocrx_word' id='word_1_92' title='bbox 440 1475 602 1554; x_wconf 71' lang='grc' dir='ltr'><em>βοᾷς</em></span> <span class='ocrx_word' id='word_1_93' title='bbox 639 1467 802 1552; x_wconf 79' lang='grc' dir='ltr'><em>ρήτα</em></span> <span class='ocrx_word' id='word_1_94' title='bbox 834 1468 996 1533; x_wconf 84' lang='grc' dir='ltr'><em>καὶ</em></span> <span class='ocrx_word' id='word_1_95' title='bbox 969 1470 1221 1552; x_wconf 82' lang='grc' dir='ltr'><em>α’ρρητα</em></span> <span class='ocrx_word' id='word_1_96' title='bbox 1244 1467 1618 1555; x_wconf 77' lang='grc' dir='ltr'><em>ὀνομάζων,</em></span> <span class='ocrx_word' id='word_1_97' title='bbox 1671 1474 1892 1559; x_wconf 87' lang='grc' dir='ltr'><em>ω’σπερ</em></span> <span class='ocrx_word' id='word_1_98' title='bbox 1939 1479 2002 1554; x_wconf 83' lang='grc' dir='ltr'><em>ἐξ</em></span> <span class='ocrx_word' id='word_1_99' title='bbox 2040 1475 2211 1560; x_wconf 75' lang='grc' dir='ltr'><em>ἀμά-</em></span> 
     </span>
     <span class='ocr_line' id='line_1_14' title="bbox 310 1562 2212 1658; baseline 0.007 -30"><span class='ocrx_word' id='word_1_100' title='bbox 310 1562 493 1649; x_wconf 83' lang='grc' dir='ltr'><em>ξής,</em></span> <span class='ocrx_word' id='word_1_101' title='bbox 466 1564 509 1630; x_wconf 79' lang='grc' dir='ltr'><em>ά</em></span> <span class='ocrx_word' id='word_1_102' title='bbox 532 1566 635 1630; x_wconf 83' lang='grc' dir='ltr'><em>σοὶ</em></span> <span class='ocrx_word' id='word_1_103' title='bbox 657 1568 765 1631; x_wconf 83' lang='grc' dir='ltr'><em>καὶ</em></span> <span class='ocrx_word' id='word_1_104' title='bbox 784 1593 875 1630; x_wconf 88' lang='grc' dir='ltr'><em>τω</em></span> <span class='ocrx_word' id='word_1_105' title='bbox 900 1587 994 1630; x_wconf 90' lang='grc' dir='ltr'><em>σω</em></span> <span class='ocrx_word' id='word_1_106' title='bbox 1013 1570 1194 1649; x_wconf 81' lang='grc' dir='ltr'><em>γένει</em></span> <span class='ocrx_word' id='word_1_107' title='bbox 1219 1567 1590 1654; x_wconf 88' lang='grc' dir='ltr'><em>πρόσεστιν,</em></span> <span class='ocrx_word' id='word_1_108' title='bbox 1631 1570 1755 1638; x_wconf 76' lang='grc' dir='ltr'><em>οὐκ</em></span> <span class='ocrx_word' id='word_1_109' title='bbox 1779 1577 1939 1658; x_wconf 80' lang='grc' dir='ltr'><em>ἐμοί.</em></span> <span class='ocrx_word' id='word_1_110' title='bbox 2000 1583 2212 1642; x_wconf 86' lang='grc' dir='ltr'><em>καίτοι</em></span> 
     </span>
    </p>
   </div>
   <div class='ocr_carea' id='block_1_8' title="bbox 190 1632 2211 1759">
    <p class='ocr_par' dir='ltr' id='par_1_9' title="bbox 79 1632 2211 1759">
     <span class='ocr_line' id='line_1_15' title="bbox 190 1632 2211 1759; baseline 0.012 -40.646"><span class='ocrx_word' id='word_1_111' title='bbox 190 1673 288 1724; x_wconf 81' lang='lat'><em>123</em></span> <span class='ocrx_word' id='word_1_112' title='bbox 306 1666 415 1729; x_wconf 84' lang='grc' dir='ltr'><em>καὶ</em></span> <span class='ocrx_word' id='word_1_113' title='bbox 436 1672 653 1747; x_wconf 78' lang='grc' dir='ltr'><em>τοῦτο,</em></span> <span class='ocrx_word' id='word_1_114' title='bbox 683 1692 733 1729; x_wconf 90' lang='grc' dir='ltr'><em>ω</em></span> <span class='ocrx_word' id='word_1_115' title='bbox 712 1632 994 1750; x_wconf 81' lang='grc' dir='ltr'><em>άνδρές</em></span> <span class='ocrx_word' id='word_1_116' title='bbox 1015 1665 1369 1751; x_wconf 76' lang='grc' dir='ltr'><em>Ἀθηναῖοι.</em></span> <span class='ocrx_word' id='word_1_117' title='bbox 1411 1670 1536 1750; x_wconf 84' lang='grc' dir='ltr'><em>ἐγω</em></span> <span class='ocrx_word' id='word_1_118' title='bbox 1563 1676 1904 1754; x_wconf 75' lang='grc' dir='ltr'><em>λοιδορίαν</em></span> <span class='ocrx_word' id='word_1_119' title='bbox 1926 1701 2211 1759; x_wconf 81' lang='grc' dir='ltr'><em>κατηγο-</em></span> 
     </span>
    </p>
   </div>
   <div class='ocr_carea' id='block_1_9' title="bbox 269 1762 2210 2546">
    <p class='ocr_par' dir='ltr' id='par_1_10' title="bbox 299 1762 2210 2545">
     <span class='ocr_line' id='line_1_16' title="bbox 307 1762 2207 1856; baseline 0.006 -28"><span class='ocrx_word' id='word_1_120' title='bbox 307 1788 450 1846; x_wconf 85' lang='grc' dir='ltr'><em>ριας</em></span> <span class='ocrx_word' id='word_1_121' title='bbox 471 1762 682 1829; x_wconf 83' lang='grc' dir='ltr'><em>τούτω</em></span> <span class='ocrx_word' id='word_1_122' title='bbox 710 1762 1099 1849; x_wconf 62' lang='grc' dir='ltr'><em>διαφέρειν’</em></span> <span class='ocrx_word' id='word_1_123' title='bbox 1067 1774 1374 1851; x_wconf 79' lang='grc' dir='ltr'><em>ήγοῦμαι,</em></span> <span class='ocrx_word' id='word_1_124' title='bbox 1401 1793 1488 1832; x_wconf 89' lang='grc' dir='ltr'><em>τω</em></span> <span class='ocrx_word' id='word_1_125' title='bbox 1514 1769 1638 1851; x_wconf 78' lang='grc' dir='ltr'><em>τὴν</em></span> <span class='ocrx_word' id='word_1_126' title='bbox 1662 1772 1784 1852; x_wconf 76' lang='grc' dir='ltr'><em>μὲν</em></span> <span class='ocrx_word' id='word_1_127' title='bbox 1803 1782 2207 1856; x_wconf 82' lang='grc' dir='ltr'><em>κατηγοριαυ</em></span> 
     </span>
     <span class='ocr_line' id='line_1_17' title="bbox 305 1856 2206 1985; baseline 0.007 -61"><span class='ocrx_word' id='word_1_128' title='bbox 305 1856 642 1944; x_wconf 74' lang='grc' dir='ltr'><em>ἀδικήματ’</em></span> <span class='ocrx_word' id='word_1_129' title='bbox 669 1866 871 1945; x_wconf 82' lang='grc' dir='ltr'><em>ἔχειν,</em></span> <span class='ocrx_word' id='word_1_130' title='bbox 923 1890 1017 1928; x_wconf 88' lang='grc' dir='ltr'><em>ων</em></span> <span class='ocrx_word' id='word_1_131' title='bbox 1060 1866 1129 1928; x_wconf 81' lang='grc' dir='ltr'><em>ἐν</em></span> <span class='ocrx_word' id='word_1_132' title='bbox 1165 1880 1298 1941; x_wconf 75' lang='grc' dir='ltr'><em>τοῖς</em></span> <span class='ocrx_word' id='word_1_133' title='bbox 1330 1866 1559 1985; x_wconf 80' lang='grc' dir='ltr'><em>νόμοις</em></span> <span class='ocrx_word' id='word_1_134' title='bbox 1594 1870 1759 1933; x_wconf 81' lang='grc' dir='ltr'><em>εἰσὶν</em></span> <span class='ocrx_word' id='word_1_135' title='bbox 1784 1896 1850 1934; x_wconf 92' lang='grc' dir='ltr'><em>αι</em></span> <span class='ocrx_word' id='word_1_136' title='bbox 1882 1879 2206 1958; x_wconf 87' lang='grc' dir='ltr'><em>τιμωρίαι,</em></span> 
     </span>
     <span class='ocr_line' id='line_1_18' title="bbox 300 1958 2210 2055; baseline 0.008 -33"><span class='ocrx_word' id='word_1_137' title='bbox 300 1958 424 2042; x_wconf 77' lang='grc' dir='ltr'><em>τὴν</em></span> <span class='ocrx_word' id='word_1_138' title='bbox 447 1959 517 2024; x_wconf 78' lang='grc' dir='ltr'><em>δὲ</em></span> <span class='ocrx_word' id='word_1_139' title='bbox 540 1964 879 2043; x_wconf 79' lang='grc' dir='ltr'><em>λοιδορίαν</em></span> <span class='ocrx_word' id='word_1_140' title='bbox 912 1965 1364 2049; x_wconf 83' lang='grc' dir='ltr'><em>βλασφημίας,</em></span> <span class='ocrx_word' id='word_1_141' title='bbox 1392 1992 1468 2043; x_wconf 87' lang='grc' dir='ltr'><em>ας</em></span> <span class='ocrx_word' id='word_1_142' title='bbox 1490 1992 1655 2031; x_wconf 82' lang='grc' dir='ltr'><em>κατα</em></span> <span class='ocrx_word' id='word_1_143' title='bbox 1680 1965 1804 2053; x_wconf 75' lang='grc' dir='ltr'><em>τὴν</em></span> <span class='ocrx_word' id='word_1_144' title='bbox 1826 1966 2051 2036; x_wconf 80' lang='grc' dir='ltr'><em>αὑτων</em></span> <span class='ocrx_word' id='word_1_145' title='bbox 2074 1972 2210 2055; x_wconf 79' lang='grc' dir='ltr'><em>φύ-</em></span> 
     </span>
     <span class='ocr_line' id='line_1_19' title="bbox 303 2061 2206 2150; baseline 0.008 -29"><span class='ocrx_word' id='word_1_146' title='bbox 303 2075 411 2121; x_wconf 89' lang='grc' dir='ltr'><em>σιν</em></span> <span class='ocrx_word' id='word_1_147' title='bbox 432 2071 565 2133; x_wconf 90' lang='grc' dir='ltr'><em>τοις</em></span> <span class='ocrx_word' id='word_1_148' title='bbox 587 2063 850 2142; x_wconf 82' lang='grc' dir='ltr'><em>ε’χθροις</em></span> <span class='ocrx_word' id='word_1_149' title='bbox 875 2065 1021 2144; x_wconf 80' lang='grc' dir='ltr'><em>περὶ</em></span> <span class='ocrx_word' id='word_1_150' title='bbox 1046 2061 1351 2147; x_wconf 85' lang='grc' dir='ltr'><em>ἀλλήλων</em></span> <span class='ocrx_word' id='word_1_151' title='bbox 1376 2071 1725 2149; x_wconf 86' lang='grc' dir='ltr'><em>συμβαίνει</em></span> <span class='ocrx_word' id='word_1_152' title='bbox 1745 2071 1981 2150; x_wconf 89' lang='grc' dir='ltr'><em>λέγειν.</em></span> <span class='ocrx_word' id='word_1_153' title='bbox 2025 2075 2206 2136; x_wconf 77' lang='grc' dir='ltr'><em>οἰκο-</em></span> 
     </span>
     <span class='ocr_line' id='line_1_20' title="bbox 271 2157 2204 2251; baseline 0.009 -33.295"><span class='ocrx_word' id='word_1_154' title='bbox 271 2157 585 2238; x_wconf 85' lang='grc' dir='ltr'><em>δομῆσαι</em></span> <span class='ocrx_word' id='word_1_155' title='bbox 609 2157 679 2222; x_wconf 89' lang='grc' dir='ltr'><em>δε</em></span> <span class='ocrx_word' id='word_1_156' title='bbox 702 2184 858 2234; x_wconf 88' lang='grc' dir='ltr'><em>τους</em></span> <span class='ocrx_word' id='word_1_157' title='bbox 881 2161 1255 2242; x_wconf 77' lang='grc' dir='ltr'><em>προγόνους</em></span> <span class='ocrx_word' id='word_1_158' title='bbox 1275 2166 1462 2229; x_wconf 86' lang='grc' dir='ltr'><em>ταυτι</em></span> <span class='ocrx_word' id='word_1_159' title='bbox 1485 2190 1565 2228; x_wconf 91' lang='grc' dir='ltr'><em>τα</em></span> <span class='ocrx_word' id='word_1_160' title='bbox 1602 2166 2048 2251; x_wconf 83' lang='grc' dir='ltr'><em>δικαστήρια</em></span> <span class='ocrx_word' id='word_1_161' title='bbox 2013 2178 2204 2235; x_wconf 86' lang='grc' dir='ltr'><em>υπεί-</em></span> 
     </span>
     <span class='ocr_line' id='line_1_21' title="bbox 299 2251 2204 2344; baseline 0.009 -29"><span class='ocrx_word' id='word_1_162' title='bbox 299 2259 477 2335; x_wconf 81' lang='grc' dir='ltr'><em>λήφα</em></span> <span class='ocrx_word' id='word_1_163' title='bbox 521 2251 641 2336; x_wconf 83' lang='grc' dir='ltr'><em>οὐχ</em></span> <span class='ocrx_word' id='word_1_164' title='bbox 681 2259 792 2320; x_wconf 91' lang='grc' dir='ltr'><em>ι’να</em></span> <span class='ocrx_word' id='word_1_165' title='bbox 837 2261 1260 2336; x_wconf 80' lang='grc' dir='ltr'><em>συλλέξαντες</em></span> <span class='ocrx_word' id='word_1_166' title='bbox 1303 2259 1473 2344; x_wconf 76' lang='grc' dir='ltr'><em>υμᾶς</em></span> <span class='ocrx_word' id='word_1_167' title='bbox 1515 2269 1606 2339; x_wconf 79' lang='grc' dir='ltr'><em>εἰς</em></span> <span class='ocrx_word' id='word_1_168' title='bbox 1645 2288 1852 2330; x_wconf 86' lang='grc' dir='ltr'><em>ταυτα</em></span> <span class='ocrx_word' id='word_1_169' title='bbox 1900 2265 2029 2332; x_wconf 83' lang='grc' dir='ltr'><em>ἀπὸ</em></span> <span class='ocrx_word' id='word_1_170' title='bbox 2066 2293 2204 2333; x_wconf 88' lang='grc' dir='ltr'><em>των</em></span> 
     </span>
     <span class='ocr_line' id='line_1_22' title="bbox 269 2353 2207 2447; baseline 0.008 -32.269"><span class='ocrx_word' id='word_1_171' title='bbox 269 2353 487 2416; x_wconf 78' lang='grc' dir='ltr'><em>ἰδίων</em></span> <span class='ocrx_word' id='word_1_172' title='bbox 509 2378 727 2428; x_wconf 88' lang='grc' dir='ltr'><em>κακως</em></span> <span class='ocrx_word' id='word_1_173' title='bbox 746 2380 825 2418; x_wconf 89' lang='grc' dir='ltr'><em>τα</em></span> <span class='ocrx_word' id='word_1_174' title='bbox 851 2353 1190 2441; x_wconf 82' lang='grc' dir='ltr'><em>ἀπόρρητα</em></span> <span class='ocrx_word' id='word_1_175' title='bbox 1212 2363 1505 2443; x_wconf 83' lang='grc' dir='ltr'><em>λέγωμεν</em></span> <span class='ocrx_word' id='word_1_176' title='bbox 1528 2359 1857 2445; x_wconf 85' lang='grc' dir='ltr'><em>ἀλλήλους</em></span> <span class='ocrx_word' id='word_1_177' title='bbox 1872 2414 1889 2447; x_wconf 93' lang='grc'><em>,</em></span> <span class='ocrx_word' id='word_1_178' title='bbox 1936 2361 2068 2430; x_wconf 83' lang='grc' dir='ltr'><em>ἀλλ’</em></span> <span class='ocrx_word' id='word_1_179' title='bbox 2095 2369 2207 2431; x_wconf 80' lang='grc' dir='ltr'><em>ἵνα</em></span> 
     </span>
     <span class='ocr_line' id='line_1_23' title="bbox 276 2450 2199 2546; baseline 0.009 -34.217"><span class='ocrx_word' id='word_1_180' title='bbox 276 2450 764 2534; x_wconf 75' lang='grc' dir='ltr'><em>ἐξελέγχωμεν,</em></span> <span class='ocrx_word' id='word_1_181' title='bbox 806 2452 922 2518; x_wconf 85' lang='grc' dir='ltr'><em>ε’άν</em></span> <span class='ocrx_word' id='word_1_182' title='bbox 955 2481 1051 2531; x_wconf 90' lang='grc' dir='ltr'><em>τις</em></span> <span class='ocrx_word' id='word_1_183' title='bbox 1083 2454 1415 2541; x_wconf 69' lang='grc' dir='ltr'><em>ἠδικηκώς</em></span> <span class='ocrx_word' id='word_1_184' title='bbox 1438 2484 1499 2523; x_wconf 92' lang='grc' dir='ltr'><em>τι</em></span> <span class='ocrx_word' id='word_1_185' title='bbox 1520 2460 1812 2546; x_wconf 81' lang='grc' dir='ltr'><em>τυγχάνῃ</em></span> <span class='ocrx_word' id='word_1_186' title='bbox 1834 2460 1960 2545; x_wconf 80' lang='grc' dir='ltr'><em>τὴν</em></span> <span class='ocrx_word' id='word_1_187' title='bbox 1984 2461 2199 2531; x_wconf 82' lang='grc' dir='ltr'><em>πόλιν.</em></span> 
     </span>
    </p>
   </div>
   <div class='ocr_carea' id='block_1_10' title="bbox 175 2549 2305 2645">
    <p class='ocr_par' dir='ltr' id='par_1_11' title="bbox 78 2523 2305 2645">
     <span class='ocr_line' id='line_1_24' title="bbox 175 2549 2305 2645; baseline 0.007 -33.347"><span class='ocrx_word' id='word_1_188' title='bbox 175 2560 280 2612; x_wconf 81' lang='lat'><em>124</em></span> <span class='ocrx_word' id='word_1_189' title='bbox 296 2553 505 2611; x_wconf 85' lang='grc' dir='ltr'><em>ταῦτα</em></span> <span class='ocrx_word' id='word_1_190' title='bbox 539 2554 771 2613; x_wconf 91' lang='grc' dir='ltr'><em>τοίνυν</em></span> <span class='ocrx_word' id='word_1_191' title='bbox 807 2549 995 2626; x_wconf 83' lang='grc' dir='ltr'><em>είδως</em></span> <span class='ocrx_word' id='word_1_192' title='bbox 1028 2557 1340 2637; x_wconf 81' lang='grc' dir='ltr'><em>Αισχίνης</em></span> <span class='ocrx_word' id='word_1_193' title='bbox 1375 2554 1575 2621; x_wconf 87' lang='grc' dir='ltr'><em>ουδεν</em></span> <span class='ocrx_word' id='word_1_194' title='bbox 1604 2561 1807 2640; x_wconf 84' lang='grc' dir='ltr'><em>ήττον</em></span> <span class='ocrx_word' id='word_1_195' title='bbox 1843 2562 2008 2641; x_wconf 83' lang='grc' dir='ltr'><em>ἐμοῦ</em></span> <span class='ocrx_word' id='word_1_196' title='bbox 2031 2585 2204 2645; x_wconf 88' lang='grc' dir='ltr'><em>πομ-</em></span> <span class='ocrx_word' id='word_1_197' title='bbox 2296 2606 2305 2612; x_wconf 94' lang='grc'><em>--</em></span> 
     </span>
    </p>
   </div>
   <div class='ocr_carea' id='block_1_11' title="bbox 252 2641 2323 3333">
    <p class='ocr_par' dir='ltr' id='par_1_12' title="bbox 289 2641 2323 3333">
     <span class='ocr_line' id='line_1_25' title="bbox 297 2641 2201 2737; baseline 0.009 -32"><span class='ocrx_word' id='word_1_198' title='bbox 297 2641 524 2707; x_wconf 82' lang='grc' dir='ltr'><em>πεύειν</em></span> <span class='ocrx_word' id='word_1_199' title='bbox 563 2642 710 2709; x_wconf 80' lang='grc' dir='ltr'><em>ἀντὶ</em></span> <span class='ocrx_word' id='word_1_200' title='bbox 751 2672 870 2711; x_wconf 91' lang='grc' dir='ltr'><em>του</em></span> <span class='ocrx_word' id='word_1_201' title='bbox 914 2666 1303 2732; x_wconf 79' lang='grc' dir='ltr'><em>κατηγορεῖν</em></span> <span class='ocrx_word' id='word_1_202' title='bbox 1347 2656 1568 2717; x_wconf 77' lang='grc' dir='ltr'><em>εἱ’.λετο</em></span> <span class='ocrx_word' id='word_1_203' title='bbox 1642 2651 1722 2717; x_wconf 82' lang='grc' dir='ltr'><em>οὐ</em></span> <span class='ocrx_word' id='word_1_204' title='bbox 1755 2653 1888 2737; x_wconf 78' lang='grc' dir='ltr'><em>μὴν</em></span> <span class='ocrx_word' id='word_1_205' title='bbox 1914 2655 2065 2720; x_wconf 79' lang='grc' dir='ltr'><em>ουδ’</em></span> <span class='ocrx_word' id='word_1_206' title='bbox 2091 2663 2201 2722; x_wconf 77' lang='grc' dir='ltr'><em>έν-</em></span> 
     </span>
     <span class='ocr_line' id='line_1_26' title="bbox 293 2746 2197 2840; baseline 0.01 -37"><span class='ocrx_word' id='word_1_207' title='bbox 293 2748 516 2804; x_wconf 85' lang='grc' dir='ltr'><em>ταῦθα</em></span> <span class='ocrx_word' id='word_1_208' title='bbox 543 2746 812 2807; x_wconf 78' lang='grc' dir='ltr'><em>ἔλαττον</em></span> <span class='ocrx_word' id='word_1_209' title='bbox 847 2747 1011 2827; x_wconf 81' lang='grc' dir='ltr'><em>ἔχων</em></span> <span class='ocrx_word' id='word_1_210' title='bbox 1049 2747 1298 2823; x_wconf 87' lang='grc' dir='ltr'><em>δίκαιός</em></span> <span class='ocrx_word' id='word_1_211' title='bbox 1330 2752 1509 2814; x_wconf 83' lang='grc' dir='ltr'><em>ἐστιν</em></span> <span class='ocrx_word' id='word_1_212' title='bbox 1554 2749 1893 2817; x_wconf 86' lang='grc' dir='ltr'><em>ἀπελθειν.</em></span> <span class='ocrx_word' id='word_1_213' title='bbox 1958 2752 2085 2840; x_wconf 81' lang='grc' dir='ltr'><em>ἤδη</em></span> <span class='ocrx_word' id='word_1_214' title='bbox 2136 2759 2197 2822; x_wconf 89' lang='grc' dir='ltr'><em>δ</em></span> 
     </span>
     <span class='ocr_line' id='line_1_27' title="bbox 295 2838 2204 2975; baseline 0.012 -74"><span class='ocrx_word' id='word_1_215' title='bbox 295 2838 398 2903; x_wconf 77' lang='grc' dir='ltr'><em>ἐπὶ</em></span> <span class='ocrx_word' id='word_1_216' title='bbox 418 2845 624 2904; x_wconf 82' lang='grc' dir='ltr'><em>ταῦτα</em></span> <span class='ocrx_word' id='word_1_217' title='bbox 647 2841 1075 2928; x_wconf 80' lang='grc' dir='ltr'><em>πορεύσομαι,</em></span> <span class='ocrx_word' id='word_1_218' title='bbox 1100 2853 1423 2913; x_wconf 84' lang='grc' dir='ltr'><em>τοσοῦτον</em></span> <span class='ocrx_word' id='word_1_219' title='bbox 1448 2845 1656 2914; x_wconf 80' lang='grc' dir='ltr'><em>αὐτὸν</em></span> <span class='ocrx_word' id='word_1_220' title='bbox 1680 2853 2029 2975; x_wconf 79' lang='grc' dir='ltr'><em>ἐρωτήσας.</em></span> <span class='ocrx_word' id='word_1_221' title='bbox 2076 2849 2204 2923; x_wconf 85' lang='grc' dir='ltr'><em>πό-</em></span> 
     </span>
     <span class='ocr_line' id='line_1_28' title="bbox 293 2935 2203 3035; baseline 0.012 -36"><span class='ocrx_word' id='word_1_222' title='bbox 293 2935 489 3019; x_wconf 79' lang='grc' dir='ltr'><em>τερόν</em></span> <span class='ocrx_word' id='word_1_223' title='bbox 513 2940 592 3002; x_wconf 86' lang='grc' dir='ltr'><em>σε’</em></span> <span class='ocrx_word' id='word_1_224' title='bbox 608 2964 725 3021; x_wconf 85' lang='grc' dir='ltr'><em>τις,</em></span> <span class='ocrx_word' id='word_1_225' title='bbox 749 2946 1027 3027; x_wconf 78' lang='grc' dir='ltr'><em>Αἰσχίνη</em></span> <span class='ocrx_word' id='word_1_226' title='bbox 1044 2995 1060 3026; x_wconf 82' lang='grc'><em>,</em></span> <span class='ocrx_word' id='word_1_227' title='bbox 1097 2952 1210 3029; x_wconf 85' lang='grc' dir='ltr'><em>τῆς</em></span> <span class='ocrx_word' id='word_1_228' title='bbox 1235 2946 1488 3024; x_wconf 86' lang='grc' dir='ltr'><em>πόλεως</em></span> <span class='ocrx_word' id='word_1_229' title='bbox 1512 2946 1812 3033; x_wconf 82' lang='grc' dir='ltr'><em>ἐχθρὸν</em></span> <span class='ocrx_word' id='word_1_230' title='bbox 1781 2950 1824 3035; x_wconf 77' lang='grc' dir='ltr'><em>η’</em></span> <span class='ocrx_word' id='word_1_231' title='bbox 1848 2950 2010 3035; x_wconf 81' lang='grc' dir='ltr'><em>ἐμὸν</em></span> <span class='ocrx_word' id='word_1_232' title='bbox 2036 2953 2203 3021; x_wconf 79' lang='grc' dir='ltr'><em>εἶναι</em></span> 
     </span>
     <span class='ocr_line' id='line_1_29' title="bbox 252 3034 2323 3138; baseline 0.01 -41.424"><span class='ocrx_word' id='word_1_233' title='bbox 252 3040 418 3117; x_wconf 74' lang='grc' dir='ltr'><em>φῇς</em></span> <span class='ocrx_word' id='word_1_234' title='bbox 465 3034 623 3118; x_wconf 83' lang='grc' dir='ltr'><em>ἐμὸν</em></span> <span class='ocrx_word' id='word_1_235' title='bbox 661 3040 927 3122; x_wconf 82' lang='grc' dir='ltr'><em>δῆλον</em></span> <span class='ocrx_word' id='word_1_236' title='bbox 900 3040 1017 3111; x_wconf 83' lang='grc' dir='ltr'><em>ότι.</em></span> <span class='ocrx_word' id='word_1_237' title='bbox 1084 3042 1218 3108; x_wconf 78' lang='grc' dir='ltr'><em>εἶτα</em></span> <span class='ocrx_word' id='word_1_238' title='bbox 1256 3038 1342 3110; x_wconf 82' lang='grc' dir='ltr'><em>οὑ</em></span> <span class='ocrx_word' id='word_1_239' title='bbox 1374 3073 1497 3129; x_wconf 85' lang='grc' dir='ltr'><em>μεν</em></span> <span class='ocrx_word' id='word_1_240' title='bbox 1533 3051 1621 3130; x_wconf 78' lang='grc' dir='ltr'><em>ἠν</em></span> <span class='ocrx_word' id='word_1_241' title='bbox 1646 3046 1790 3133; x_wconf 81' lang='grc' dir='ltr'><em>παρ’</em></span> <span class='ocrx_word' id='word_1_242' title='bbox 1821 3053 1983 3134; x_wconf 81' lang='grc' dir='ltr'><em>ἐμοῦ</em></span> <span class='ocrx_word' id='word_1_243' title='bbox 2010 3057 2202 3138; x_wconf 80' lang='grc' dir='ltr'><em>δίκην</em></span> <span class='ocrx_word' id='word_1_244' title='bbox 2220 3063 2323 3118; x_wconf 85' lang='grc'><em>269</em></span> 
     </span>
     <span class='ocr_line' id='line_1_30' title="bbox 289 3130 2196 3238; baseline 0.013 -44"><span class='ocrx_word' id='word_1_245' title='bbox 289 3130 454 3196; x_wconf 85' lang='grc' dir='ltr'><em>κατα</em></span> <span class='ocrx_word' id='word_1_246' title='bbox 476 3158 633 3210; x_wconf 89' lang='grc' dir='ltr'><em>τους</em></span> <span class='ocrx_word' id='word_1_247' title='bbox 656 3136 903 3219; x_wconf 80' lang='grc' dir='ltr'><em>νόμους</em></span> <span class='ocrx_word' id='word_1_248' title='bbox 925 3138 1093 3225; x_wconf 81' lang='grc' dir='ltr'><em>ὑπερ</em></span> <span class='ocrx_word' id='word_1_249' title='bbox 1119 3143 1375 3209; x_wconf 84' lang='grc' dir='ltr'><em>τούτων</em></span> <span class='ocrx_word' id='word_1_250' title='bbox 1399 3152 1657 3228; x_wconf 80' lang='grc' dir='ltr'><em>λαβεῖν,</em></span> <span class='ocrx_word' id='word_1_251' title='bbox 1686 3154 1868 3228; x_wconf 75' lang='grc' dir='ltr'><em>εἴπερ</em></span> <span class='ocrx_word' id='word_1_252' title='bbox 1893 3146 2196 3238; x_wconf 84' lang='grc' dir='ltr'><em>ἠδίκουν,</em></span> 
     </span>
     <span class='ocr_line' id='line_1_31' title="bbox 291 3231 2196 3333; baseline 0.013 -41"><span class='ocrx_word' id='word_1_253' title='bbox 291 3231 601 3314; x_wconf 82' lang='grc' dir='ltr'><em>ἐξέλιπες,</em></span> <span class='ocrx_word' id='word_1_254' title='bbox 649 3236 721 3298; x_wconf 80' lang='grc' dir='ltr'><em>ἐν</em></span> <span class='ocrx_word' id='word_1_255' title='bbox 753 3247 892 3312; x_wconf 78' lang='grc' dir='ltr'><em>ταῖς</em></span> <span class='ocrx_word' id='word_1_256' title='bbox 939 3235 1296 3324; x_wconf 77' lang='grc' dir='ltr'><em>εὐθύναις,</em></span> <span class='ocrx_word' id='word_1_257' title='bbox 1326 3245 1396 3307; x_wconf 82' lang='grc' dir='ltr'><em>ἐν</em></span> <span class='ocrx_word' id='word_1_258' title='bbox 1420 3258 1559 3319; x_wconf 89' lang='grc' dir='ltr'><em>ταις</em></span> <span class='ocrx_word' id='word_1_259' title='bbox 1596 3260 1918 3333; x_wconf 77' lang='grc' dir='ltr'><em>γραφαῖς,</em></span> <span class='ocrx_word' id='word_1_260' title='bbox 1946 3277 2021 3315; x_wconf 86' lang='grc' dir='ltr'><em>εν</em></span> <span class='ocrx_word' id='word_1_261' title='bbox 2055 3265 2196 3328; x_wconf 80' lang='grc' dir='ltr'><em>ταῖς</em></span> 
     </span>
    </p>
   </div>
   <div class='ocr_carea' id='block_1_12' title="bbox 111 3304 2191 3431">
    <p class='ocr_par' dir='ltr' id='par_1_13' title="bbox 76 3304 2191 3431">
     <span class='ocr_line' id='line_1_32' title="bbox 111 3304 2191 3431; baseline 0.014 -45.494"><span class='ocrx_word' id='word_1_262' title='bbox 111 3304 118 3359; x_wconf 51' lang='lat' dir='ltr'>s</span> <span class='ocrx_word' id='word_1_263' title='bbox 159 3329 269 3380; x_wconf 72' lang='lat'><em>&#39;125</em></span> <span class='ocrx_word' id='word_1_264' title='bbox 291 3324 518 3404; x_wconf 85' lang='grc' dir='ltr'><em>άλλαις</em></span> <span class='ocrx_word' id='word_1_265' title='bbox 540 3337 866 3414; x_wconf 85' lang='grc' dir='ltr'><em>κρίσεσιν·</em></span> <span class='ocrx_word' id='word_1_266' title='bbox 912 3361 993 3399; x_wconf 90' lang='grc' dir='ltr'><em>ου</em></span> <span class='ocrx_word' id='word_1_267' title='bbox 1020 3334 1082 3400; x_wconf 81' lang='grc' dir='ltr'><em>δ’</em></span> <span class='ocrx_word' id='word_1_268' title='bbox 1108 3339 1235 3420; x_wconf 86' lang='grc' dir='ltr'><em>ε’γω</em></span> <span class='ocrx_word' id='word_1_269' title='bbox 1272 3366 1394 3422; x_wconf 88' lang='grc' dir='ltr'><em>μεν</em></span> <span class='ocrx_word' id='word_1_270' title='bbox 1417 3337 1643 3430; x_wconf 84' lang='grc' dir='ltr'><em>ἀθωος</em></span> <span class='ocrx_word' id='word_1_271' title='bbox 1665 3341 1889 3431; x_wconf 74' lang='grc' dir='ltr'><em>ἅπασι,</em></span> <span class='ocrx_word' id='word_1_272' title='bbox 1916 3361 2051 3425; x_wconf 78' lang='grc' dir='ltr'><em>τοῖς</em></span> <span class='ocrx_word' id='word_1_273' title='bbox 2072 3350 2191 3413; x_wconf 79' lang='grc' dir='ltr'><em>νό</em></span> 
     </span>
    </p>
   </div>
   <div class='ocr_carea' id='block_1_13' title="bbox 284 3429 2191 3653">
    <p class='ocr_par' dir='ltr' id='par_1_14' title="bbox 284 3429 2191 3629">
     <span class='ocr_line' id='line_1_33' title="bbox 288 3429 2191 3531; baseline 0.013 -42"><span class='ocrx_word' id='word_1_274' title='bbox 288 3450 455 3510; x_wconf 88' lang='grc' dir='ltr'><em>μοις,</em></span> <span class='ocrx_word' id='word_1_275' title='bbox 498 3436 591 3517; x_wconf 75' lang='grc' dir='ltr'><em>τῷ</em></span> <span class='ocrx_word' id='word_1_276' title='bbox 633 3429 868 3518; x_wconf 76' lang='grc' dir='ltr'><em>χρόνῳ,</em></span> <span class='ocrx_word' id='word_1_277' title='bbox 915 3441 997 3520; x_wconf 80' lang='grc' dir='ltr'><em>τῇ</em></span> <span class='ocrx_word' id='word_1_278' title='bbox 1039 3446 1450 3526; x_wconf 79' lang='grc' dir='ltr'><em>προθεσμία,</em></span> <span class='ocrx_word' id='word_1_279' title='bbox 1502 3450 1598 3529; x_wconf 73' lang='grc' dir='ltr'><em>τῷ</em></span> <span class='ocrx_word' id='word_1_280' title='bbox 1648 3451 1996 3527; x_wconf 86' lang='grc' dir='ltr'><em>κεκρίσθαι</em></span> <span class='ocrx_word' id='word_1_281' title='bbox 2040 3449 2191 3531; x_wconf 83' lang='grc' dir='ltr'><em>περὶ</em></span> 
     </span>
     <span class='ocr_line' id='line_1_34' title="bbox 284 3522 2189 3653; baseline 0.013 -67"><span class='ocrx_word' id='word_1_282' title='bbox 284 3522 560 3615; x_wconf 82' lang='grc' dir='ltr'><em>πάντων</em></span> <span class='ocrx_word' id='word_1_283' title='bbox 581 3530 898 3608; x_wconf 85' lang='grc' dir='ltr'><em>πολλάκις</em></span> <span class='ocrx_word' id='word_1_284' title='bbox 941 3534 1300 3621; x_wconf 85' lang='grc' dir='ltr'><em>πρότερον,</em></span> <span class='ocrx_word' id='word_1_285' title='bbox 1347 3548 1442 3625; x_wconf 72' lang='grc' dir='ltr'><em>τῷ</em></span> <span class='ocrx_word' id='word_1_286' title='bbox 1463 3542 1891 3625; x_wconf 85' lang='grc' dir='ltr'><em>μηδεπωποτε</em></span> <span class='ocrx_word' id='word_1_287' title='bbox 1934 3547 2189 3653; x_wconf 80' lang='grc' dir='ltr'><em>εξελεγ-</em></span> 
     </span>
    </p>
   </div>
  </div>
 </body>
</html>
