2622 4065
426 306 553 367 304
790 316 795 320 ’
850 314 992 369 ΧΙΧ.
1076 310 1915 378 ΔΗ’ΜΟΣΘΕΝΟΤΣ

426 468 716 552 ἐπισχεῖν
752 471 873 546 ἕως
906 464 989 534 ἄν
1026 477 1468 554 συλλεγῶσιν,
1519 471 1675 540 ουδε
1695 481 1978 558 βοηθεῖν
1997 478 2337 563 Πρόξενον

429 568 520 640 εἰς
545 570 844 650 Φωκέας,
873 562 1021 631 οὐδ’
1056 568 1289 642 ἐξιέναι
1308 565 1735 651 Ἀθηναίους,
1763 569 1919 639 οὐδὲ
1942 574 2188 642 τοιοῦτ’
2219 573 2337 641 οὐ-
2459 651 2467 660 ,
2491 653 2495 656 ,

336 666 408 717 51
430 666 561 729 δέν.
621 670 828 729 καίτοι
851 666 958 729 καὶ
982 663 1325 740 ἐπιστολὰς
1351 665 1691 749 ἔπεμψεν
1663 694 1697 732 ο
1727 675 2048 747 Φίλιππος
2073 674 2193 739 δύο
2217 701 2337 740 κα-
2352 679 2453 733 357
2521 708 2532 724 »-

425 759 671 836 λούσας
707 759 909 844 ὑμᾱς,
958 759 1077 844 οὐχ
1111 758 1201 826 ἵν’
1230 765 1585 839 ἐξέλθοιτε·
1636 765 1945 848 πώμαλα·
1996 767 2077 833 οὐ
2099 768 2228 852 γὰρ
2253 769 2336 836 ἄν

422 884 581 925 ποτε
601 860 755 936 τοὺς
779 861 1064 945 χρόνους
1089 859 1379 946 ἀνελών,
1425 868 1496 929 ἐν
1533 860 1628 941 οἷς
1663 865 2025 952 ἐδυνήθητ’
2051 864 2137 934 ἂν
2160 873 2337 947 ἐξελ-

420 967 609 1042 θεῖν,
668 958 1007 1042 τηνικαῦτ’
1056 963 1301 1026 ἐκάλει·
1361 959 1509 1026 οὐδ’
1560 958 1645 1027 ἂν
1689 966 1828 1046 ἐμὲ,
1893 962 2088 1048 ἡνίκα
2134 970 2333 1050 δεῦρο

425 1054 749 1121 ἀποπλεῖν
773 1056 1150 1140 ἐβουλόμην
1171 1107 1188 1140 ,
1236 1057 1680 1124 κατεκώλυεν·
1729 1059 1886 1125 οὐδὲ
1921 1070 2190 1128 τοιαῦτα
2225 1067 2335 1128 λέ-

420 1179 567 1235 γειν
590 1151 801 1239 τούτῳ
828 1156 1298 1237 προσέταττεν,
1350 1159 1413 1232 ἐξ,
1441 1147 1538 1220 ὧν
1558 1155 1793 1240 ἥκισθ’
1829 1155 2014 1240 ὑμεῖς
2045 1160 2331 1242 ἐμέλλετ’

421 1253 687 1327 εξιέναι·
735 1247 880 1317 ἀλλ’
910 1255 1051 1335 ί,ινα
1096 1278 1135 1316 α
1172 1250 1570 1335 ἐβούλεσθε,
1599 1253 1892 1336 οἰόμενοι
1916 1253 2185 1337 προέξειν
2211 1255 2336 1320 αύ-

418 1344 540 1412 τὸν
564 1349 824 1470 μηδὲν’
792 1356 1094 1415 εναντίον
1118 1355 1530 1476 ψηφίσαισθε
1553 1349 1753 1436 αὐτῷ,
1780 1350 1936 1434 μηδ’
1967 1351 2332 1436 ἀμύναιντο

420 1443 577 1530 μηδ’
607 1444 939 1528 αντέχοιεν
964 1451 1031 1513 οἱ
1051 1454 1299 1523 Φωκεῖς
1323 1451 1425 1513 ἐπὶ
1447 1463 1585 1523 ταῖς
1624 1449 1784 1529 παρ’
1822 1449 2014 1533 ὑμων
2051 1449 2334 1534 ὑπέχον-

420 1569 526 1620 τες
561 1547 850 1627 ἐλπίσιν,
901 1542 1045 1610 αλλ’
1087 1542 1492 1628 απογνόντες
1535 1543 1795 1611 ἅπαντα
1838 1545 2082 1624 αὑτοὺς
2125 1553 2334 1632 ἐγχει-

420 1649 690 1724 ρίσαιεν.
753 1646 926 1726 Λέγε
974 1643 1036 1708 δ’
1071 1643 1292 1719 αὐτοῖς
1331 1643 1535 1720 αὐτας
1568 1643 1685 1721 τὰς
1709 1643 2190 1723 ἐπιστολάςτάς
2211 1654 2357 1714 τοῦ,

422 1748 778 1807 Φιλίππου.

1105 1915 1633 1974 ΕΠΙΣΤΟΛΑΙ.

330 2058 398 2107 52
573 2042 666 2102 Αἱ
695 2040 817 2121 μὲν
855 2045 1086 2103 τοίνυν
1120 2041 1456 2104 ἐπιστολαὶ
1491 2045 1814 2103 καλοῦσιν
1839 2029 2070 2121 αὗται,
2113 2042 2221 2104 καὶ
2243 2039 2326 2125 νὴ

413 2138 542 2200 Δί’
584 2134 711 2219 ἤδη
747 2160 852 2217 γε·
893 2134 1152 2210 τούτοις
1188 2132 1274 2216 δ’,
1325 2144 1506 2218 εἴπερ
1543 2128 1629 2219 ἦν
1649 2133 1828 2217 ὑγιές
1851 2160 1912 2199 τι
1932 2133 2222 2221 τούτων,
2267 2142 2336 2202 τί

415 2232 574 2298 ἄλλο
612 2237 949 2317 προσῆκεν
983 2231 1028 2315 ἢ
1050 2246 1388 2297 συνειπεῖν
1410 2231 1588 2306 ὅπως
1613 2234 1935 2308 ἐξέλθοιτε
1957 2230 2172 2314 ὑμεῖς,
2218 2237 2329 2298 καὶ

413 2327 533 2394 τὸν
555 2328 930 2410 Πρόξενον,
957 2327 1036 2393 ὃν
1059 2331 1207 2408 περὶ
1230 2326 1387 2402 τοὺς
1408 2329 1652 2403 τόπους
1673 2328 1922 2416 ᾔδεσαν
1945 2327 2136 2412 ὄντα,
2161 2332 2328 2412 γρά-

418 2450 573 2507 φειν
599 2420 851 2498 εὐθέως
873 2431 1181 2506 βοηθεῖνς
1218 2423 1442 2488 ’πάντα
1465 2431 1697 2489 τοίνυν
1718 2422 2033 2490 τάναντία
2066 2426 2327 2492 τούτων

416 2526 768 2604 φαίνονται
791 2519 1230 2603 πεποιηκότες.
1276 2521 1541 2598 εἰκότως
1558 2546 1572 2559 ·
1611 2519 1693 2588 ού
1715 2522 1840 2605 γὰρ
1867 2520 1961 2598 οἷς
1986 2526 2323 2591 ἐπέστελλε

412 2632 765 2707 προσεῖχον
785 2617 904 2684 τὸν
926 2625 1114 2695 νοῦν,
1143 2616 1291 2684 ἀλλ’·
1318 2616 1360 2683 ἂ
1384 2625 1658 2702 φρονῶν
1679 2616 1857 2685 ταῦτ’
1885 2625 2131 2704 ἔγραφε
2158 2644 2325 2687 συν-

412 2720 695 2807 ῄδεσαν·
742 2716 1002 2795 τούτοις
1038 2711 1163 2784 οὖν
1199 2722 1649 2802 συνέπραττον
1680 2721 1788 2783 καὶ
1823 2717 2080 2793 τούτοις
2116 2739 2326 2801 συνη-

317 2828 396 2886 ,53
414 2823 788 2901 γωνίζοντο.
881 2820 949 2881 οἱ
976 2815 1095 2899 μὲν
1129 2822 1359 2881 τοίνυν
1382 2823 1665 2897 Φωκεῖς,
1715 2813 1801 2890 ὥς
1836 2815 1914 2877 τα
1947 2811 2105 2896 παρ’
2133 2811 2326 2897 ὑμῶν

414 2914 749 2983 ἐπύθοντο
770 2917 841 2980 ἐκ
862 2922 974 2997 τῆς
995 2916 1338 2997 ἐκκλησίας
1355 2917 1464 2980 καὶ
1481 2914 1557 2978 τό
1579 2938 1646 2977 τε
1665 2911 1969 2997 ψήφισμα
1988 2909 2155 2978 τοῦτ’
2174 2918 2325 2977 ἔλα-

409 3023 536 3101 βον
570 3013 647 3080 τὸ
674 3023 796 3080 τοῦ
817 3013 1266 3097 Φιλοκράτους
1298 3015 1405 3079 καὶ
1424 3013 1545 3096 τὴν
1566 3011 1970 3095 ἀπαγγελίαν
1987 3011 2320 3078 ἐπύθοντο

409 3114 532 3199 τὴν
553 3115 797 3180 τούτου
821 3115 930 3180 καὶ
952 3114 1066 3189 τὰς
1087 3110 1470 3196 ὑποσχέσεις
1488 3163 1502 3192 ,
1529 3107 1696 3177 κατὰ.
1718 3110 1967 3187 πάντας
1989 3107 2143 3186 τούς
2165 3109 2328 3190 τρό-

410 3233 579 3289 πους
604 3211 968 3280 ἀπώλοντο.
1039 3224 1336 3277 σκοπεῖτε
1358 3210 1503 3293 γάρ.
1579 3203 1752 3294 ἦσαν
1775 3206 2202 3283 ἀπιστοῦντές
2224 3235 2323 3271 τν-
2413 3244 2415 3246 *

408 3338 521 3388 νες
563 3308 808 3377 αύτόθι
844 3318 934 3398 τῷ
974 3317 1274 3398 Φιλίππω
1313 3311 1423 3376 καὶ
1454 3316 1625 3375 νοῦν
1659 3313 1945 3393 ἔχοντες·
1993 3299 2179 3372 οὗτοι
2213 3328 2322 3368 πι-

412 3409 675 3477 στεύειν
697 3407 1117 3493 ὑπήχθησαν.
1194 3407 1300 3474 διά
1337 3415 1404 3475 τί
1411 3436 1429 3489 3
1478 3405 1580 3475 ὅτι
1601 3404 1887 3491 ἡγοῦντο
1906 3457 1924 3488 ,
1958 3400 2106 3469 οὐδ’
2134 3408 2191 3468 εἰ
2213 3406 2321 3467 δε-

411 3509 602 3586 κάκις
626 3513 950 3586 Φίλιππος
986 3503 1231 3584 αὐτούς
1264 3505 1580 3594 ἐξηπάτα,
1629 3499 1938 3571 οὐδέποτ’
1962 3497 2047 3568 ἄν
2069 3500 2222 3579 τούς
2246 3527 2317 3585 γε
2335 3514 2440 3571 358

2518 3891 2525 3896 ι
