2622 4065
497 336 750 395 ΠΕΡΙ
816 334 1027 393 ΤΗΣ
1087 291 2003 393 ΠΑΡᾸΠΡΕΣΒΕΙΑΣ.
2090 331 2213 395 287

307 502 406 562 καὶ
433 493 504 579 δὴ
510 504 918 599 χειροτονοῦσι
942 498 1083 558 δέκα
1103 498 1387 579 πρέσβεις.
1457 498 1565 557 εἰσὶ
1590 490 1646 557 δ
1687 498 1848 557 οὗτοι
1871 503 2208 576 Κτησιφῶν,
2232 505 2342 559 336

297 578 735 681 Ἀριστόδημος,
769 574 1124 683 Ἰατροκλῆς,
1161 585 1393 658 Κίμων,
1455 588 1839 659 Ναυσικλῆς,
1888 579 2209 684 Δερκύλος,

291 663 595 771 .Φρύνων,
650 665 1043 745 Φιλοκράτης,
1092 666 1403 742 Αἰσχίνης,
1452 665 1884 765 Λημοσθένης.
1917 664 2212 762 πέμπουσι

305 747 367 810 δὲ
402 745 693 820 τούτουςε
672 750 749 819 εἰς
775 750 1192 848 Μακεδονίαν,
1242 747 1341 807 ἵνα
1375 743 1652 823 μαθωσιν
1690 750 1740 807 εἰ
1760 771 1860 848 μετ
1924 740 2112 825 ιέληθε
2089 750 2211 819 είας

302 829 568 912 βούλεται
611 828 848 931 εἰρήνην
892 831 1055 911 οἱγειν
1100 856 1128 891 ο
1179 833 1495 901 Φίλιππος’
1544 833 1644 890 καὶ
1689 834 1738 890 εἰ
1774 825 1992 931 αληθές
2030 832 2205 909 εστιν,

302 915 532 1015 ἐνέγκαι
566 906 707 995 παρ’
752 907 934 976 αυτοῦ
967 915 1232 993 πρέσβεις
1267 936 1400 984 τους
1425 915 1792 995 ληψομένους
1815 909 1948 988 τοὺς
1972 909 2208 995 όρκους.

301 992 682 1058 απελθόντων
706 997 813 1057 οὖν
835 1004 951 1058 τῶν
988 998 1129 1057 δέκα
1161 997 1486 1076 πρέσβεων,
1537 997 1619 1056 ὠν
1652 997 1731 1076 ἠν
1765 999 1865 1057 καὶ
1890 998 2207 1076 Λημοσθέ-

299 1105 433 1159 νης,
458 1078 684 1160 ἤγαγον
709 1073 823 1140 ἆπὸ
849 1087 953 1141 τοῦ
984 1083 1280 1139 Φιλίππου
1303 1103 1396 1158 τρε
1374 1086 1452 1150 εἷς
1476 1080 1769 1160 πρέσβεις,
1804 1075 2204 1181 Ἀντίπατρον,

300 1166 693 1241 Παρμενίωνα
716 1164 814 1222 καὶ
839 1157 1200 1263 Εὖρυλοχον,
1227 1156 1565 1239 οφείλοντας
1590 1168 1791 1242 λαβεῖν
1813 1189 1947 1237 τους
1972 1160 2206 1246 όρκους.

302 1246 716 1344 συναγομένων
752 1246 813 1306 δὲ
849 1253 965 1305 τῶν
1001 1263 1323 1348 συμμαχων
1358 1252 1474 1305 τῶν
1494 1240 1832 1325 Ἀθηναίων
1868 1249 1960 1308 ἐπὶ
1985 1273 2063 1307 τω
2088 1271 2204 1307 πα-

302 1335 536 1428 ρασχεῖν
569 1322 703 1399 τοὺς
739 1323 952 1409 όρκους
990 1327 1193 1434 χρόνος
1225 1352 1567 1430 παρηρχετο.
1632 1332 1731 1390 καὶ
1764 1309 2071 1409 γινώσκων
2094 1324 2208 1411 τὴν

300 1407 483 1490 φύσιν
518 1417 619 1471 τοῦ
651 1415 945 1472 Φιλίππου
980 1437 1011 1473 ο
1043 1414 1463 1489 Δημοσθένης,
1513 1408 1588 1484 ὡς
1626 1406 1716 1473 αεὶ
1739 1416 2206 1495 καταστρεφομέ-

299 1518 406 1555 νου
444 1495 545 1554 καὶ
579 1491 1017 1594 έπηρεαζοντος,
1066 1497 1214 1573 λέγει
1247 1501 1367 1566 τοῖς
1386 1493 1725 1573 Ἀθηναίοις
1760 1499 1971 1576 ταχέως
1997 1501 2210 1558 δοῦναι

298 1601 433 1649 τους
455 1572 675 1676 όρκους
685 1622 700 1653 ,
748 1577 847 1637 καὶ
847 1571 948 1677 μὴ
974 1577 1260 1660 παρόντος
1284 1580 1754 1675 Κερσοβλέπτου·
1803 1583 1957 1681 ε’λεγε
1978 1606 2093 1662 γαρ
2117 1577 2208 1643 ότι

299 1663 377 1732 εἰς
412 1656 520 1739 τὴν
549 1656 790 1743 Θρακην
830 1654 1237 1762 ἀπερχομένων
1268 1655 1438 1738 ημῶν
1472 1664 1704 1762 παρέξει
1739 1687 1872 1736 τους
1916 1661 2128 1743 όρκους
2173 1658 2207 1725 ὃ

297 1743 745 1821 Κερσοβλέπτης.
785 1744 970 1804 ἰστέον
994 1741 1110 1805 δὲΗ
1078 1769 1164 1805 οτι
1180 1746 1574 1844 Λημοσθένης
1594 1739 1864 1841 απῆλθεν
1890 1748 1952 1807 έν
1974 1754 2045 1831 τῇ
2070 1752 2204 1809 δευ-

295 1825 433 1907 τέρα
453 1827 727 1907 πρεσβεία
752 1818 851 1885 δια
872 1823 1146 1929 τοιαύτην
1167 1825 1497 1907 πρόφασιν·
1544 1822 1824 1890 ἀπελθών
1846 1856 1961 1931 γαρ
1986 1835 2065 1903 εἰς
2088 1825 2202 1910 τὴν

295 1929 529 1989 πρωτην
539 1911 876 2006 πρεσβείαν,
904 1933 1069 2012 ευρεν
1093 1912 1154 1972 ἐν
1168 1914 1522 1995 Μακεδονία
1545 1936 1624 1972 rm
1638 1918 1705 1984 ὰς
1729 1919 1845 1974 τῶν
1861 1908 2206 1993 Ἀθηναίων

295 1985 721 2097 αἰχμαλωτους,
770 1991 869 2053 καὶ
900 1987 1177 2096 ὑπέσχετο
1214 1996 1415 2092 φέρειν
1451 1996 1515 2057 ἐκ
1548 2001 1665 2056 τῶν
1700 1999 1867 2058 ἰδίων
1889 2024 2204 2101 χρηματων

295 2075 395 2134 καὶ
419 2070 717 2174 ρυσασθαι
739 2067 981 2154 αυτ-οὖς,
1030 2072 1141 2139 οὐκ
1185 2076 1424 2140 ἐδύνατο
1449 2080 1512 2140 δὲ
1533 2086 1702 2141 τοῦτο
1723 2088 1995 2182 ποιῆσαι,
2045 2086 2096 2143 εἰ
2117 2077 2200 2162 μὴ

296 2157 358 2217 ἐν
379 2152 742 2258 προσχήματι
763 2164 1133 2265 πρεσβευτοῦ.
1194 2162 1346 2241 ε’λεγε
1371 2162 1432 2222 δὲ
1452 2156 1561 2240 τὴν
1582 2168 1893 2265 πρεσβείαν
1916 2159 2201 2226 απελθεῖν

294 2244 422 2322 πλῷ
447 2235 546 2299 δια
569 2233 634 2300 τὸ
659 2265 870 2313 αυτους
894 2243 1110 2343 ταχέως
1128 2237 1438 2305 απελθεῖν·
1484 2246 1584 2305 καὶ
1607 2241 1755 2309 όπου
1792 2273 1868 2308 αν
1903 2246 2046 2309 ὄντα
2080 2270 2196 2309 πυ-

294 2330 523 2383 θωνται
555 2326 867 2402 Φίλιππον,
918 2329 1010 2386 δεῖ
1041 2319 1251 2399 αὐτους
1285 2322 1566 2389 απελθεῖν
1601 2332 1700 2391 καὶ
1739 2333 1920 2392 ἐκεῖσε
1942 2356 2076 2404 τους
2096 2327 2200 2414 όρ-

295 2429 436 2478 κ-ους
460 2410 786 2506 λαβεῖν.οἵ
805 2409 867 2469 δὲ
887 2404 964 2488 μὴ
989 2411 1322 2484 πεισθέντες
1340 2418 1484 2509 πεζῇ
1507 2406 1800 2493 απῆλθον,
1828 2416 1927 2476 καὶ
1950 2419 2029 2488 εἰς
2052 2423 2200 2476 Μα-

297 2491 569 2548 κεδονίαν
611 2483 963 2587 ἀπελθόντες
1009 2489 1297 2553 ἕκαθισαν
1340 2490 1510 2566 όλους
1548 2505 1695 2599 τρεῖς
1729 2507 1948 2577 μῆνας,
1995 2500 2100 2571 ε’ως
2132 2525 2201 2562 ου
2220 2504 2325 2559 33⁷

295 2564 482 2629 πολλα
516 2576 632 2629 τῶν
651 2564 985 2649 Ἀθηναίων
1007 2578 1187 2654 χωρία
1211 2578 1614 2676 καταστρέψας
1636 2575 1956 2682 ὑπέστρεφε
1987 2586 2198 2644 Φίλιπ-

295 2673 432 2729 πος,
480 2652 542 2711 έν
565 2648 649 2723 οἷς
673 2654 772 2713 καὶ
796 2657 1245 2756 Κερσοβλέπτης.
1314 2659 1414 2716 καὶ
1449 2655 1644 2720 έλθων
1678 2684 1788 2722 ουκ
1811 2657 1994 2735 ευθυς
2017 2667 2197 2771 παρέ-

198 2811 205 2816 ἡ
243 2813 245 2815 V
299 2751 429 2813 σχεν
453 2727 648 2806 αυτοῖς
670 2760 803 2808 τους
828 2732 1069 2819 όρκους,
1113 2732 1244 2799 ἀλλ’
1272 2741 1535 2801 ει’λκυσεν
1559 2737 1800 2822 αυτοὺς,
1850 2748 1955 2819 ε’ως
1989 2741 2197 2850 ηὐτρέ-

296 2835 428 2879 πισε
451 2813 557 2898 τὴν
582 2818 673 2878 ἐπὶ
695 2821 934 2893 Φωκέας
959 2827 1273 2923 στρατείαν,
1303 2826 1487 2884 καίτοι
1508 2830 2029 2928 πρεσβευσαμένων
2047 2825 2198 2929 πρὸς
2228 2878 2230 2880 -

297 2894 477 2961 αυτὸν
506 2902 764 2963 Φωκέων
785 2905 915 2985 περὶ
939 2902 1251 2977 διαλύσεως
1274 2913 1376 2967 τοῦ
1398 2908 1667 2984 πολέμου.
1738 2914 1839 2973 καὶ
1862 2911 2200 2989 ἐξελθόντος

295 2978 477 3043 αὐτοῦ
502 2984 594 3043 ἐπι
616 2979 753 3058 τούς
783 2988 1044 3065 Φωκέας,
1071 2982 1200 3049 αντὶ
1223 2995 1327 3050 τοῦ
1348 2999 1665 3093 παρασχεῖν
1691 2996 1753 3055 ἐν
1777 2999 1915 3080 ἱερῷ
1937 3022 2073 3071 τους
2094 2994 2196 3080 69-

278 3088 450 3167 κους,
469 3066 530 3124 έν
549 3071 871 3167 πανδοχείω
895 3072 1141 3152 παρέσχε
1164 3074 1348 3150 λέγων
1370 3070 1544 3135 οὕτω
1547 3050 1896 3179 σπένδομαι
1913 3074 2196 3161 Ἀθηναί-

288 3142 564 3253 (ἱοιςχιαὶ
558 3156 679 3220 τοῖς
697 3132 1033 3251 Ἀθηναίων
1054 3154 1406 3256 συμμαχοις,
1432 3162 1603 3236 χωρὶς
1616 3155 1836 3223 Αλέων
1859 3189 1961 3225 και
1991 3167 2196 3227 Φωκέ-

109 3218 111 3220 ·
141 3254 143 3256 ’
236 3281 242 3287 .
331 3254 427 3292 ων.
531 3231 682 3312 ἔλεγε
703 3226 818 3315 γὰρ
853 3231 940 3297 ’ὅτι
975 3237 1036 3295 οἱ
1054 3232 1240 3311 Ἁλεῖς
1276 3240 1651 3344 ἕχθροὶήσαν
1683 3252 1800 3306 τῶν
1836 3252 2027 3325 φίλων
2061 3275 2194 3351 μου,

293 3338 412 3376 των
441 3319 814 3416 Φαρσαλίων·
871 3324 1142 3382 Φωκεῦσι
1169 3322 1232 3383 δε
1255 3348 1324 3384 ου
1351 3325 1702 3406 σπένδομαι,
1731 3328 2037 3414 ἐπειδήπερ
2058 3328 2199 3413 ησέ-

289 3400 486 3500 βησαν
509 3402 587 3472 εἰς
608 3394 671 3462 τὸ
697 3396 868 3504 ἷερόν.
939 3400 1224 3486 ἕλθουσης
1248 3398 1357 3470 οὖν
1378 3414 1478 3488 τῆς
1503 3414 1770 3514 δευτέρας
1792 3419 2095 3516 πρεσβείας
2118 3418 2198 3489 εἰς

295 3475 405 3560 τὴν
421 3475 735 3565 Ἀττικηνε
711 3509 742 3546 ο
769 3486 1157 3569 Λημοσθένης
1181 3492 1489 3572 ἐστασίαζε,
1517 3495 1751 3577 λέγων’
1721 3522 1809 3560 οτι
1831 3522 1942 3559 ουκ
1967 3492 2202 3581 ἀρέσκει
