2622 4065
724 236 983 352 ΠΕΡΙ
1025 289 1866 348 ΤονΣΤΕΦΑΝον.
2001 362 2004 365 ‚
2133 290 2265 361 203,

341 453 507 535 πρὸς
531 453 771 518 ἕκαστα
794 457 928 515 τῶν
947 443 1502 532 κατηγορημένων
1519 449 1721 533 μικροὶ
1742 446 2257 530 ἀποκρίνασθαί.

253 561 322 613 35
345 556 513 626 τίνες
549 541 674 615 οὖν
709 541 881 633 ἦσαν
917 551 985 612 οἱ
1015 545 1190 628 παρὰ
1225 544 1470 611 τούτου
1510 546 1698 629 λόγοι
1732 545 1880 613 τότε
1915 550 2258 634 ῥηθέντες,
2311 580 2318 585 ·

341 650 451 713 καὶ
490 647 577 711 δι’
619 644 736 722 οὓς
771 642 1009 710 ἅπαντ’
1056 642 1385 722 οἷπεόλετος
1435 643 1519 719 ὡς
1558 641 1639 709 οὐ
1677 647 1781 709 δεῖ
1807 651 2258 731 θορυβεῖσθαι

338 771 431 809 τω
474 744 1005 862 παρεληλυθέναι
1030 749 1361 807 Φίλιππον
1399 751 1552 806 εἰσω
1588 750 1868 809 Πυλων·
1915 749 2096 809 ἔσται
2127 746 2262 829 γὰρ

341 840 598 907 ἅπανθ’
639 839 763 907 ὅσα
796 838 1119 925 βούλεσθ’
1157 837 1380 922 υμεῖς,
1427 866 1512 903 αν
1549 840 1731 923 ἔχηθ’
1778 839 2098 925 ᾖσυχιαν,
2144 845 2256 910 και

339 938 718 1005 ακούσεσθε
763 942 953 1002 δυοῖν
999 934 1041 1019 ἢ
1085 963 1290 1017 τριων
1332 934 1633 1020 ἡμερων,
1702 934 1796 1013 οἷς
1853 966 1972 1021 μεν
2018 940 2261 1024 ἐχθρὸς

335 1036 516 1121 η’κει,
565 1045 765 1120 φίλον
813 1033 1016 1099 αὐτὸν
1061 1038 1538 1118 γεγενημένον,
1585 1030 1683 1110 οἷς
1727 1035 1796 1100 δε
1831 1043 2052 1121 φίλος,
2095 1037 2254 1105 τού-

334 1140 607 1200 ναντίον
653 1131 917 1216 ἐχθρόν.
1003 1129 1084 1197 ου’
1128 1131 1257 1216 γὰρ
1292 1130 1371 1197 τὰ
1408 1132 1664 1216 ῥήματα
1698 1132 1814 1211 τὰς
1851 1135 2257 1221 οἰκειότητας

337 1237 464 1315 ἔφη
491 1239 840 1317 βεβαιοῦν,
883 1231 1058 1314 μαλα
1086 1251 1343 1314 σεμνως
1368 1229 1744 1317 ὀνομαζων,
1792 1231 1958 1299 αλλὰ
1984 1231 2056 1299 τὸ
2083 1235 2250 1301 ταύ-

332 1355 414 1393 τα
439 1333 834 1413 συμφέρειν·
879 1333 1244 1413 συμφέρειν
1269 1330 1338 1395 δε
1353 1336 1656 1417 Φιλίππω
1682 1334 1790 1397 καὶ
1807 1339 2116 1397 Φωκεῦσι
2138 1337 2249 1400 καὶ

335 1423 492 1509 ὑμῖν
527 1423 765 1509 ὁμοίως
799 1425 1003 1492 ἅπασι
1039 1434 1154 1510 τῆς
1189 1424 1590 1511 ἀναλγησίας
1613 1430 1722 1493 καὶ
1745 1437 1857 1513 τῆς
1880 1431 2254 1553 βαρύτητος

250 1523 320 1576 36
337 1520 797 1639 απαλλαγῆναι
817 1531 931 1606 τῆς
952 1532 1088 1588 τῶν
1114 1531 1440 1609 Θηβαίων.
1507 1534 1712 1591 ταῦτα
1738 1525 1798 1591 δ’
1828 1525 2126 1611 ασμένως
2148 1556 2248 1595 τι-

332 1647 439 1695 νες
479 1619 733 1703 ἤκουον
779 1619 990 1686 αὐτοῦ
1033 1622 1137 1686 δια
1182 1621 1305 1707 τὴν
1350 1622 1508 1690 τόθ
1538 1624 1846 1692 ὑποῦσαν
1884 1627 2246 1713 ἀπέχθειαν

328 1715 496 1834 πρὸς
517 1743 674 1794 τους
699 1726 1046 1803 Θηβαίους.
1106 1727 1172 1785 τί
1190 1725 1314 1786 οὐν
1338 1725 1583 1807 συνέβη
1610 1750 1770 1807 μετα
1794 1725 1982 1791 ταῦτ
2010 1724 2246 1813 ευθῦς,

330 1840 454 1879 ουκ
479 1821 568 1890 είς
586 1841 904 1900 μακρανς
929 1843 1084 1893 τους
1120 1820 1243 1901 μὲν
1266 1822 1537 1897 Φωκέας
1572 1819 1943 1888 απολέσθαι
1977 1827 2085 1892 καὶ
2119 1853 2237 1891 κα-

326 1923 749 1997 τασκαφῆναι
783 1941 898 1991 τας
933 1915 1155 1993 πόλεις
1180 1916 1437 2003 αὐτων,
1487 1915 1656 2003 ὑμᾶς
1680 1919 1742 1984 6'
1767 1918 2047 2006 ἡσυχίαν
2072 1921 2240 2007 ἀγα-

323 2009 563 2091 γόντας
597 2013 705 2077 καὶ
739 2013 953 2101 τούτω
991 2021 1386 2094 πεισθέντας
1420 2014 1663 2101 μικρὸν
1688 2016 1972 2103 ὕστερον
1996 2041 2243 2088 σκευα-

322 2122 564 2191 γωγεῖν
595 2114 663 2174 ἐκ
690 2119 824 2175 τῶν
848 2109 1106 2197 ἀγρῶν,
1154 2123 1396 2180 τοῦτον
1421 2116 1491 2180 δὲ
1512 2122 1787 2199 χρυσίον
1821 2126 2080 2203 λαβεῖν,
2128 2124 2238 2188 καὶ
2268 2166 2279 2171 -
2362 2156 2364 2158 ’

321 2209 415 2269 ε’τι
456 2204 621 2290 πρὸς
657 2207 916 2285 τούτοις
949 2208 1070 2294 τὴν
1106 2214 1225 2294 μὲν
1259 2211 1617 2296 απέχθειαν
1645 2213 1768 2298 τὴν
1792 2215 1958 2299 πρὸς
1985 2226 2241 2304 Θηβαί-
2325 2298 2327 2300 ‚
2404 2287 2407 2289 ,

322 2328 439 2380 ους
462 2306 571 2368 καὶ
598 2304 963 2384 Θετταλους
984 2316 1063 2393 τῇ
1088 2310 1277 2374 πόλει
1300 2313 1634 2429 γενέσθαι,
1660 2310 1781 2396 τὴν
1805 2314 1876 2379 δε
1882 2339 2092 2431 χαριν
2113 2344 2241 2400 την

230 2401 304 2456 37
322 2398 488 2485 ὑπὲρ
524 2411 661 2467 τῶν
694 2409 1174 2489 πεπραγμένων
1199 2415 1521 2476 Φιλίππω.
1592 2409 1692 2475 ὅτι
1727 2407 1787 2475 δ’
1830 2409 2006 2477 οὕτω
2045 2414 2231 2480 ταῦτ’

319 2504 478 2580 ἔχει,
523 2504 672 2582 λέγε
712 2529 825 2584 μοι
866 2504 941 2569 τό
985 2531 1053 2568 τε
1087 2514 1210 2570 τοῦ
1243 2508 1745 2584 Καλλισθένους
1779 2510 2097 2635 ψήφισμα
2125 2516 2238 2580 καὶ

314 2618 438 2676 την
484 2598 831 2680 ἐπιστολὴν
869 2597 994 2682 τὴν
1027 2611 1149 2665 τοῦ
1184 2610 1551 2686 Φιλίππου,
1600 2609 1662 2682 ἐξ
1701 2633 1799 2670 ων
1835 2605 2234 2694 ἀμφοτέρων

317 2690 523 2756 ταῦθ’
550 2692 804 2760 ἅπανθ’
832 2694 991 2780 ὑμῖν
1013 2701 1490 2784 ἔσταιφανερα
1541 2706 1704 2784 λέγε.

1052 2820 1513 2882 ΨΗΦΙΣΜΑ.
2161 2800 2163 2802 '
2235 2796 2363 2894 ‘238

573 2918 728 3002 [Ἐπὶ
763 2932 1154 3034 Μνησιφίλου
1199 2928 1503 3031 ἄρχοντος,
1550 2929 1877 3012 συγκλήτου
1918 2936 2235 3034 ἐκκλησίας

396 3001 516 3066 υπὸ
549 3014 887 3088 στρατηγων
910 3012 1010 3071 καὶ
1027 3035 1220 3113 πρυτα
1233 3040 1375 3076 νεων
1402 3017 1546 3094 [καὶ]
1570 3020 1787 3096 βουλῆς
1812 3044 2049 3121 γνωμη,
2096 3048 2232 3100 μαι-

398 3113 624 3168 μακτηρ
631 3115 801 3162 ιωνος
847 3091 1059 3178 δεκατῃ
1107 3090 1413 3196 (ἐπιόντος,
1460 3101 1868 3180 Καλλισθένης
1902 3096 2232 3167 Ἐτεονίκου

404 3167 706 3273 Φαληρευς
734 3170 857 3234 εἶπε
889 3180 1111 3255 μηδένα
1130 3173 1486 3282 Ἀθηναίων
1502 3187 1758 3285 μηδεμιᾷ
1789 3189 2129 3268 παρευρέσει
2169 3191 2232 3251 έν

394 3259 468 3352 τῇ
489 3253 647 3336 χώρα
670 3265 931 3318 κοιταῖον
963 3264 1299 3341 γίγνεσθαι,
1354 3258 1486 3324 αλλ’
1526 3291 1588 3326 εν
1622 3286 1780 3329 αστει
1817 3272 1916 3331 καὶ
1938 3277 2225 3375 Πειραιεῖ,
2282 3291 2285 3294 ’

394 3331 521 3397 όσοι
545 3336 624 3416 μὴ
655 3338 715 3397 ἐν
735 3347 853 3412 τοῖς
877 3346 1180 3423 φρουρίοις
1204 3349 1350 3408 εἰσὶν
1386 3341 1869 3432 ἀποτεταγμένοι·
1917 3351 2136 3414 τούτων
2160 3352 2222 3416 6'

396 3416 669 3493 ἕκαστους
703 3447 779 3501 ην
796 3426 1148 3523 παρέλαβον
1182 3426 1348 3505 ταξιν
1388 3436 1684 3537 διατηρεῖν
1716 3433 1857 3536 μήτε
1893 3430 2224 3518 αφημερεύ-

215 3508 287 3561 38
393 3526 563 3576 οντας
598 3501 739 3584 μήτε
775 3500 1247 3587 αποκοιτοῦντας.
1320 3540 1382 3589 ος
1419 3511 1477 3577 δ’
1520 3545 1597 3578 αν
1633 3513 1933 3604 απειθηση
1970 3524 2117 3605 τῷδε
2141 3530 2226 3607 τῷ
