2622 4065
117 1237 179 1250 ”
268 1256 367 1308 102

302 312 304 314 ᾗ
371 286 499 360 222
794 289 987 344 xvm.
1035 234 1884 371 ΔΗΜΟΣΘΕΝΟΤΣ

378 449 647 517 λεύσειν
684 443 853 533 αὐτῇ
890 459 1136 524 ποιεῖν;
1182 456 1617 528 μνησικακεῖν
1646 439 1727 525 νὴ
1766 446 1899 508 Δία
1936 438 2101 526 πρὸς
2131 439 2286 518 τούς

381 548 837 634 βουλομένους
872 545 1235 625 σώζεσθαι,
1289 545 1399 608 καὶ
1443 540 1807 624 προφάσεις
1837 545 2045 624 ζητεῖν
2097 535 2172 605 δι’
2212 536 2287 615 ἂς

385 645 648 711 ἅπαντα
672 642 1123 728 προησόμεθα.
1183 643 1293 707 καὶ
1315 646 1411 717 τίς
1434 639 1558 705 οὐκ
1590 635 1674 704 ἂν
1707 637 2052 704 ἀπέκτεινέ
2076 664 2154 721 με
2189 641 2290 703 δι-
2305 658 2414 710 260

386 753 620 829 καίως,
655 753 719 810 εἴ
745 769 807 808 τι
847 749 983 808 τῶν
1018 739 1461 825 ὑπαρχόντων
1501 747 1581 824 τῇ
1626 736 1812 804 πόλει
1855 742 2078 802 καλῶν
2111 736 2286 821 λόγῳ

388 844 603 929 μόνον
624 840 1090 925 καταισχύνειν
1115 844 1529 923 ἐπεχειρησα·
1516 887 1530 916 ,
1582 838 1717 900 ἐπεὶ
1749 834 1823 900 τό
1845 861 1920 918 γε
1946 840 2142 951 ἔργον
2166 831 2289 898 οὐκ

390 942 474 1009 α“ν
504 937 847 1028 ἐποιήσαθ’
898 937 1103 1024 ὑμεῖς,
1140 937 1426 1022 ακριβως
1462 932 1583 1000 οἶδ’
1627 932 1785 1053 ἐγω
1834 938 1892 998 εί
1921 930 2048 1015 γὰρ
2097 930 2293 1015 ἐβού-

365 1051 615 1126 λεσθε,
642 1048 710 1107 τί
726 1044 813 1124 ήν
838 1038 1178 1124 ἐμποδεόν;
1203 1034 1328 1102 οὐκ
1354 1038 1536 1119 ἐξῆνς
1565 1031 1682 1116 οὑχ
1705 1030 2003 1115 ὑπῆρχον
2030 1033 2094 1095 οἱ
2114 1024 2285 1094 ταῦτ

392 1144 703 1223 ἐροῦντες
727 1131 947 1204 οὗτοι·
932 1187 949 1216 ,

559 1236 901 1318 Βούλομαι
945 1239 1178 1298 τοίνυν
1214 1236 1609 1297 ἐπανελθειν
1655 1227 1754 1312 ἐφ
1791 1256 1831 1292 α
1865 1227 2122 1292 τούτων
2156 1226 2296 1308 ἑξῆς

389 1334 902 1418 ἐπολιτευόμην·
953 1334 1063 1398 καὶ
1086 1343 1387 1397 σκοπειτε
1411 1332 1482 1394 ἐν
1506 1327 1765 1403 τούτοις
1786 1325 1984 1391 παλιν
2009 1316 2116 1407 αὖ,
2140 1334 2205 1388 τί
2221 1321 2293 1386 τὸ

389 1443 469 1520 τῇ
502 1435 692 1500 πόλει
712 1437 1053 1519 βέλτιστον
1070 1422 1175 1514 ἦν.
1223 1426 1404 1509 ὅρων
1425 1425 1576 1510 γὰρ,
1605 1428 1654 1490 ὠ
1631 1417 1915 1509 ἄνδρες
1931 1420 2294 1506 Ἀθηναιοι,

391 1534 468 1599 τὸ
493 1530 815 1599 ναυτικὸν
837 1528 1031 1613 ὑμῶν
1054 1526 1585 1609 καταλυόμενον,
1638 1525 1746 1588 καὶ
1767 1519 1923 1596 τούς
1947 1520 2066 1603 μὲν
2091 1527 2298 1583 πλου-

394 1640 580 1708 σίους
617 1630 865 1705 ἄτελεις
898 1625 1026 1693 ἀπὸ
1068 1633 1329 1742 μικρῶν
1352 1623 1809 1706 αναλωμοέτων
1842 1623 2297 1704 γιγνομένους,

392 1733 551 1808 τοὺς
575 1730 645 1796 δὲ
677 1733 905 1813 μέτρια
939 1724 983 1811 η’
1020 1751 1221 1848 μικρα
1255 1725 1699 1806 κεκτημένους
1733 1728 1867 1784 τῶν
1901 1722 2188 1784 πολιτῶν
2218 1711 2298 1778 τὰ

394 1832 557 1896 όντα
586 1827 1039 1909 απολλύντας,
1081 1829 1174 1889 ἔτι
1200 1820 1258 1887 δ’
1299 1820 1772 1901 ὑστερίζουσαν
1808 1820 1878 1882 ἐκ
1902 1814 2159 1881 τούτων
2180 1812 2301 1894 τὴν

395 1929 595 1994 πόλιν
626 1953 763 1991 των
787 1931 1063 2004 καιρῶν,
1104 1927 1315 2004 ἔθηκα
1350 1919 1565 2002 νόμον
1588 1915 1740 1982 καθ’
1780 1911 1858 1979 ὃν
1891 1911 2047 1988 τοὺς
2080 1914 2201 1995 μὲν
2221 1936 2300 1974 τα

396 2032 614 2093 δίκαια
639 2039 851 2091 ποιεῖν
873 2021 1237 2107 ἠνάγκασα,
1275 2016 1433 2095 τοὺς
1466 2021 1844 2097 πλουσιους,
1883 2007 2040 2087 τούς
2077 2009 2147 2075 δὲ
2180 2012 2298 2074 πέ-

391 2151 593 2209 νητας
626 2119 859 2189 ἔπαυσ’
887 2120 1387 2202 οὲδικουμένους,
1419 2123 1498 2200 τῇ
1529 2113 1715 2180 πόλει
1740 2111 1804 2176 δ’
1838 2107 1998 2188 ὅπερ
2031 2111 2117 2191 ἦν
2138 2132 2297 2189 χρη-

395 2223 789 2309 σιμώτατον,
827 2223 898 2286 ἐν
921 2244 1127 2305 καιρω
1151 2224 1505 2300 γίγνεσθαι
1524 2209 1640 2286 τὰς
1664 2227 2087 2291 παρασκευας
2116 2206 2299 2267 ἐποί-

275 2336 374 2387 103
394 2341 545 2406 ησα.
607 2321 717 2384 καὶ
758 2320 1037 2400 γραφεὶς
1074 2315 1193 2379 τὸν
1230 2313 1456 2394 αγῶνα
1492 2333 1732 2373 τουτον
1760 2312 1848 2379 εἰς
1871 2303 2041 2385 ὑμας
2080 2307 2299 2383 εἰσῆλ-

396 2429 533 2484 θον
558 2417 667 2481 καὶ
691 2413 1060 2495 απέφυγον,
1090 2412 1196 2475 καὶ
1219 2407 1290 2474 τὸ
1327 2414 1522 2526 μέρος
1544 2412 1679 2469 τῶν
1708 2402 1956 2487 ψήφων
1980 2395 2012 2465 6
2041 2397 2301 2463 διεόκων

400 2515 526 2583 οὐκ
563 2520 815 2597 ἔλαβεν.
884 2520 1095 2575 καίτοι
1121 2507 1293 2573 πόσα
1314 2506 1611 2589 χρήματα
1635 2501 1791 2577 τοὺς
1812 2497 2143 2583 ηγεμόνας
2165 2520 2299 2560 των

401 2618 789 2696 συμμοριῶν
822 2604 866 2691 ἦ
897 2633 1053 2683 τους
1092 2610 1440 2686 δευτέρους
1482 2605 1590 2667 και
1633 2607 1894 2683 τρίτους
1923 2597 2152 2663 οἴεσθέ
2190 2619 2300 2676 μοι

401 2712 661 2778 διδόναι
712 2706 877 2772 ὥστε
914 2705 1192 2789 μαλιστα
1229 2704 1350 2788 μὲν
1385 2700 1470 2785 μὴ
1496 2711 1716 2765 θειναι
1749 2697 1868 2761 τὸν
1900 2693 2111 2777 νόμον
2141 2698 2301 2755 τοῦ-

398 2838 537 2893 τον,
565 2815 629 2874 εἰ
646 2808 716 2873 65
740 2804 849 2891 μὴ,
872 2803 1330 2887 καταβαλόντα
1356 2804 1470 2865 εἀν
1497 2803 1567 2861 ἐν
1599 2794 1977 2876 ὑπωμοσία;
2003 2785 2294 2853 τοσαῦτ
2278 2838 2295 2869 ,

401 2913 455 2974 ὠ
493 2908 732 2991 ἄνδρες
759 2903 1128 2987 Ἀθηναῖοι,
1163 2897 1286 2965 όσα
1324 2891 1656 2978 ὀκνήσαιμ’
1692 2887 1777 2955 όίν
1811 2886 1973 2971 πρὸς
2003 2882 2172 2968 ὑμας
2207 2891 2299 2949 εί·-

281 3024 382 3079 104
401 3021 565 3073 πειν.
612 3007 723 3071 καὶ
754 2999 930 3067 ταῦτ’
967 2999 1239 3095 εἰκότως
1262 3002 1581 3076 ἔπραττον
1606 2994 1858 3055 ἐκεινοι.
1916 2989 2001 3068 ἠν
2024 3008 2149 3066 γαρ
2173 2978 2300 3047 αὑ-

399 3122 536 3183 τοις
570 3109 639 3171 ἐκ
676 3104 797 3189 μὲν
833 3128 969 3167 των
1005 3101 1347 3183 προτέρων
1382 3093 1609 3177 νόμων
1646 3087 2119 3153 συνεκκαίδεκα
2164 3087 2263 3144 λει

396 3218 741 3289 τουργεῐν,
792 3200 1015 3276 αὐτοις
1059 3201 1179 3282 μὲν
1213 3220 1413 3280 μικρα
1448 3219 1558 3257 και
1603 3186 1803 3255 οὐδὲν
1845 3181 2295 3260 αναλίσκουσι,

396 3304 554 3381 τοὺς
580 3303 642 3369 δ’
670 3300 969 3385 απόρους
992 3325 1129 3364 των
1150 3301 1440 3361 πολιτων
1476 3294 1943 3372 ἐπιτρίβουσιν,
1980 3283 2049 3345 ἐκ
2089 3276 2159 3342 δὲ
2178 3282 2301 3341 τοῦ
2319 3290 2419 3346 261

341 3447 343 3449 >
395 3407 563 3489 ἐμοῦ
595 3401 813 3485 νόμου
854 3397 927 3478 τὸ
965 3396 1365 3481 γιγνόμενον
1395 3416 1562 3457 κατα
1594 3384 1719 3471 τὴν
1754 3380 1988 3448 ουσίαν
2023 3377 2301 3441 ἕκαστον

396 3504 675 3584 τιθέναι,
701 3500 812 3567 καὶ
845 3503 1039 3566 δυοῖν
1068 3495 1279 3579 ἐφανη
1303 3490 1695 3576 τριήραρχος
1718 3481 1752 3550 6
1782 3489 1896 3565 τῆς
1932 3505 2084 3563 μιας
2119 3477 2301 3548 ἕκτος
