2622 4065
398 306 526 367 384
832 310 973 387 x1x.
1047 304 1720 390 ΔΗΜΟΣΘΕΝΟ
1742 308 1872 365 ΥΣ

398 471 471 531 ἐν
505 473 588 551 τῇ
626 468 855 552 εἰρήνῃ
891 461 1321 546 συγχωρηθὲν
1355 467 1765 552 πεισθέντων
1797 462 1987 548 ὑμῶν
2021 470 2147 548 ἔχει
2173 472 2294 531 Φί-

398 571 671 647 λιππος,
719 559 884 627 ἀλλὰ
938 559 1044 626 διά
1086 560 1361 635 τούτους
1405 557 1706 626 ἀπόλωλε
1749 563 1855 626 καὶ
1888 560 2009 645 τὴν
2040 562 2298 627 τούτων

402 667 826 745 δωροδοκίαν.
896 657 981 726 ἀν
1018 668 1248 725 τοίνυν
1280 668 1486 725 ταῦτα
1522 659 1642 743 μὲν
1677 661 1924 745 φεύγῃ,
1973 669 2190 745 πλανᾷ
2230 662 2299 727 δὲ

399 764 512 826 καὶ
546 759 759 825 πάντα
795 767 1049 843 μᾶλλον
1083 761 1270 843 λέγῃ,
1320 762 1579 833 ἐκείνως
1603 755 1807 824 αὐτὸν
1833 761 2118 841 δέχεσθε.
2175 755 2297 823 (ὀύ
2316 765 2416 819 449
2492 811 2508 834 4

393 856 780 945 “στρατηγς5
808 856 1171 942 δικάζομεν,
1200 854 1280 922 ού
1302 859 1448 937 περὶ
1469 857 1723 922 τούτων
1747 863 1970 941 κρίνει.
2040 855 2127 941 μὴ
2153 859 2299 939 λέγε

390 951 502 1020 εἴ
511 979 607 1031 τις
631 955 834 1030 αἴτιός
857 956 989 1018 ἐστι
1013 956 1120 1019 καὶ
1144 953 1339 1030 ἀλλος
1368 962 1488 1019 τοῦ
1512 956 1797 1019 Φωκέων
1825 952 2136 1036 ὀλέθρου,
2162 948 2296 1019 ἀλλ’

389 1047 525 1171 ἕως
550 1048 631 1117 ού
657 1047 740 1146 σὺ
767 1051 969 1126 αἴτιος
994 1054 1223 1127 δεῖξον.
1270 1057 1337 1115 τί
1356 1044 1498 1132 οὖν,
1526 1061 1587 1115 εἴ
1608 1072 1669 1115 τι
1690 1055 2131 1134 Δημοσθένης
2153 1049 2294 1133 ἠδί-

389 1146 568 1232 “,κει
596 1157 724 1213 νῦν
747 1151 984 1231 λέγεις,
1024 1145 1168 1213 ἀλλ
1199 1146 1320 1230 οὐχ
1343 1146 1451 1213 ὅτε
1473 1146 1588 1224 τάς
1613 1146 1906 1224 εὐθύνας
1933 1151 2154 1213 ἐδίδου
2178 1173 2301 1211 κα·-

394 1244 767 1330 “τηγόρεις;
815 1242 904 1309 δι
947 1242 1105 1310 αύτό
1134 1245 1272 1327 ,γάρ
1301 1243 1362 1309 εἴ
1378 1252 1571 1309 τοῦτο
1599 1243 2008 1309 ἀπολωλέναι
2033 1248 2292 1318 δίκαιος.

251 1358 254 1360 ’
280 1339 521 1425 336“μὴ
547 1345 695 1425 λέγε
723 1338 808 1417 ὡς
831 1339 1037 1406 καλὸν
1063 1342 1321 1426 εἰρήνη,
1367 1341 1521 1425 μηδ’
1552 1340 1636 1417 ὡς
1659 1345 2000 1423 συμφέρον
2018 1365 2032 1378 ·
2082 1338 2301 1414 οὐδεὶς

412 1438 561 1522 γὰρ
602 1446 884 1504 αίτιοῖταί
922 1461 993 1501 σε
1029 1448 1149 1503 τοῦ
1184 1440 1590 1523 ποιήσασθαι
1625 1437 1746 1521 τὴν
1782 1437 1974 1503 πόλιν
2000 1437 2294 1552 εἰρήνην·

390 1533 423 1559 “
435 1533 583 1601 ἀλλ
614 1562 701 1611 ως
725 1532 848 1600 οὐκ
873 1534 1104 1617 αἰσχρὰ
1130 1537 1239 1600 καὶ
1263 1539 1719 1615 ἐπονείδιστος,
1746 1537 1854 1599 καὶ
1878 1532 2084 1597 πολλὰ
2108 1531 2303 1596 ὕστε-

393 1631 563 1716 “ρον
600 1630 1089 1715 ἐξηπατήμεθα,
1136 1635 1244 1695 καὶ
1283 1630 1477 1696 πάντ’
1520 1629 1849 1710 ἀπώλετο,
1896 1637 2099 1693 ταῦτα
2134 1630 2299 1708 λέγε.

394 1728 696 1795 “τούτων
736 1725 863 1809 γάρ
897 1725 1209 1793 ἀπάντων
1244 1724 1401 1810 ἡμῖν
1424 1737 1625 1802 αἴτιος
1651 1725 1733 1790 σὺ
1758 1729 2047 1801 δέδειξαι.
2114 1725 2222 1787 καὶ
2242 1728 2309 1786 τί

389 1825 518 1912 “δὴ
556 1829 741 1911 μέχρι
776 1829 928 1890 νυνὶ
963 1825 1082 1890 τὸν
1115 1824 1192 1889 τά
1230 1832 1499 1889 τοιαῦτα
1537 1823 1932 1906 πεποιηκότα
1957 1815 2299 1896 ἐπαινεῖς;”

402 1924 487 1991 ἀν
512 1921 687 1990 οὕτω
713 1923 1081 2006 φυλάττητε
1104 1921 1310 1987 αὐτόν
1327 1973 1344 2005 ,
1393 1921 1511 2005 οὐχ
1534 1924 1658 1998 ἕξει
1680 1929 1746 1986 τί
1765 1924 1915 2006 λέγῃ
1932 1970 1948 2002 ,
1995 1917 2157 1984 ἀλλά
2180 1916 2303 2000 τὴν

402 2023 616 2099 ἄλλως
653 2019 927 2088 ἐνταῦθ’
966 2024 1195 2101 ἐπαρεῖ
1221 2019 1344 2104 τὴν
1381 2017 1614 2104 φωνὴν
1637 2021 1746 2084 καὶ
1770 2014 2303 2101 πεφωνασκηκοὸς

402 2128 600 2188 ἔσται.

285 2238 383 2293 537
573 2226 805 2285 Καίτοι
850 2221 958 2283 καὶ
992 2220 1139 2300 περὶ
1174 2225 1288 2300 τῆς
1324 2225 1549 2300 φωνῆς
1587 2226 1741 2291 ἴσως
1777 2221 1979 2280 εἰπεῖν
2015 2212 2299 2295 ἀνάγκη·

403 2320 584 2385 πάνυ
617 2318 744 2401 γὰρ
781 2319 944 2400 μέγα
980 2318 1089 2380 καὶ
1128 2318 1228 2380 ἐπὶ
1263 2316 1469 2399 ταύτῃ
1505 2326 1780 2396 φρονεῖν
1815 2309 2021 2376 αὐτὸν
2056 2308 2302 2391 ἀκούω,

405 2417 494 2495 [ὃς
517 2414 1233 2498 καθυποκρινούμενον
1256 2411 1441 2494 ὑμᾶς.
1515 2412 1654 2494 ἐμοὶ
1681 2410 1749 2475 δὲ
1775 2414 2021 2474 δοκεῖτε
2046 2405 2303 2472 ἀτοπώ-

404 2542 604 2581 τατον
628 2512 944 2578 ἀπάντων
968 2507 1053 2577 ἀν
1078 2518 1373 2595 ποιῆσαι,
1426 2515 1483 2574 εί
1504 2508 1611 2574 ὅτε
1634 2507 1754 2592 μὲν
1776 2507 1853 2573 τά
1880 2509 2175 2572 Θυέστου
2197 2504 2305 2568 καὶ

403 2621 541 2679 τῶν
578 2615 678 2678 ἐπὶ
708 2617 911 2696 Τροία
946 2608 1114 2676 κακά
1150 2607 1529 2693 ἠγωνίζετο,
1577 2605 1945 2690 ἐξεβάλλετε
1971 2601 2175 2667 αὐτὸν
2195 2603 2304 2665 καὶ

405 2715 834 2796 ἐξεσυρίττετε
859 2711 929 2774 ἐκ
952 2715 1086 2774 τῶν
1108 2708 1416 2787 θεάτρων
1438 2708 1545 2770 καὶ
1570 2705 1780 2788 μόνον
1806 2701 1886 2767 οὐ
1927 2698 2303 2766 κατελεύετε

407 2809 617 2886 οὕτως
657 2807 820 2873 ὥστε
857 2814 1264 2872 τελευτῶντα
1301 2812 1422 2870 τοῦ
1460 2812 1989 2884 τριταγωνιστεῖν
2013 2797 2301 2877 ἀποστῆ-
2343 2830 2346 2832 -

404 2933 548 2988 ναι,
576 2904 794 2987 ἐπειδὴ
822 2908 884 2968 δ’
915 2903 1037 2967 οὐκ
1063 2905 1164 2967 ἐπὶ
1187 2910 1300 2984 τῆς
1326 2902 1602 2984 σκηνῆς,
1630 2896 1775 2963 ἀλλ’
1805 2901 1877 2961 έν
1901 2908 2032 2969 τοῖς
2056 2904 2301 2966 κοινοῖς

405 3002 515 3070 καὶ
554 3008 881 3118 μεγίστοις
924 3006 1040 3082 τῆς
1083 2999 1337 3073 πόλεως
1379 2997 1714 3080 πράγμασι
1749 2990 1928 3077 μυρί’
1971 3000 2300 3073 εἴργασται

406 3099 611 3185 κακοὶ,
656 3096 1012 3184 τηνικαυθ’
1062 3123 1148 3173 ως
1192 3095 1399 3162 καλὸν
1435 3098 1869 3179 φθεγγομένῳ
1907 3094 2297 3171 προσέχοιτε.

278 3219 385 3273 338
402 3206 744 3287 μηδαμως·
792 3196 994 3281 μηδεν
1019 3193 1206 3279 ὑμεῖς
1230 3192 1581 3279 ἀβέλτερον
1604 3191 1890 3274 πάθητε,
1929 3185 2093 3253 ἀλλά
2118 3191 2293 3267 λογί-

406 3295 577 3378 ζεσθ’
608 3294 710 3362 ὅτι
734 3300 837 3360 δεῖ
852 3294 1108 3412 κήρυκα
1133 3320 1253 3377 μεν
1278 3288 1360 3357 ἀν
1386 3289 1784 3375 δοκιμάζητε,
1809 3284 2120 3369 εὔφωνον
2144 3302 2300 3346 σκο-

403 3414 573 3483 πεῖν,
599 3390 1012 3480 πρεσβευτὴν
1038 3393 1106 3458 δε
1129 3393 1236 3457 καὶ
1259 3417 1391 3456 των
1413 3415 1657 3456 κοινων
1683 3382 1991 3464 ἀξιουντά
2013 3406 2074 3444 τι
2096 3375 2303 3457 πράτ-

405 3524 542 3563 τειν
566 3501 826 3561 δίκαιον
848 3493 956 3558 καὶ
980 3487 1272 3574 φρόνημ’
1301 3487 1522 3572 ἔχονθ’
1548 3485 1712 3569 ὑπερ
1738 3489 1856 3568 μὲν
1892 3479 2081 3564 ὑμων
2113 3471 2299 3561 μέγα,
