2622 4065
411 297 536 357 322
769 330 772 335 ,
844 297 985 352 XIX.
1076 289 1904 352 ΔΗΜΟΣΘΕΝΟΤΣ

413 459 799 542 πρεσβείας,
837 453 1053 535 ὥσπερ
1090 448 1427 533 ὁμολογεῖ,
1455 448 1652 514 τοῦτό
1679 445 1735 531 γ’
1764 445 1925 515 αὐτὸ
1954 463 2196 532 φυγεῖν
2221 449 2333 516 καὶ

418 559 946 639 διευλαβηθῆναι
977 556 1069 634 τῷ
1100 561 1340 630 προῖκα
1376 545 1816 630 πρεσβεύοντι
1858 555 2182 632 προσῆκε,
2226 549 2334 612 καὶ

422 654 1001 738 διαμαρτύρασθαι
1036 648 1109 714 τὸ
1148 642 1297 712 καθ’
1342 643 1567 711 αὑτόν.
1635 642 1716 710 οὐ
1758 651 1986 710 τοίνυν
2021 653 2333 728 πεποίηκε

417 750 600 821 τοῦτ’
632 757 963 833 Αἰσχίνης
1006 743 1180 811 ταῦτ’
1211 742 1292 811 οὐ
1293 741 1598 864 φανερὰ,
1629 736 1678 807 ὠ
1705 742 1942 824 άνδρες
1957 740 2332 826 Ἀθηναῖοι·
2318 793 2333 820 ,

418 847 604 917 ταῦτ’
636 846 781 931 οὐχὶ
806 855 932 932 βοα
958 848 1066 910 καὶ
1090 848 1263 926 λέγει
1286 843 1386 909 ὅτι
1408 838 1673 926 χρήματ’
1707 850 1980 924 εἴληφεν
2024 846 2335 924 Αἰσχίνης

418 952 528 1015 καὶ
552 946 844 1031 πονηρός
869 950 1041 1009 ἐστιν
1066 941 1391 1027 ἀργυρίου
1417 944 1725 1023 συνεχῶς,
1744 937 1826 1005 οὐ
1844 938 1920 1005 δι’
1947 937 2335 1025 ἀβελτερίαν

420 1045 578 1112 οὐδὲ
602 1041 676 1110 δι’
707 1043 1004 1125 ἄγνοιαν,
1032 1038 1177 1105 οὐδ’
1210 1038 1722 1123 άποτυγχάνωνς

303 1173 406 1223 120
592 1147 722 1210 Καὶ
744 1150 839 1218 τίς
874 1167 1004 1224 μου
1040 1152 1565 1222 καταμαρτυρεῖ,
1597 1138 1828 1220 φήσει,
1878 1143 2057 1219 δῶρα
2078 1144 2334 1221 λαβεῖν;

422 1251 619 1310 τοῦτο
666 1243 793 1325 γάρ
839 1244 974 1305 ἐστι
1016 1237 1087 1303 τὸ
1135 1237 1459 1320 λαμπρόν.
1527 1262 1605 1299 τα
1632 1231 1989 1318 πράγματ’,
2037 1240 2334 1317 Αἰσχίνη,
2432 1325 2439 1332 ¹

424 1343 593 1461 άπερ
618 1336 959 1406 πιστότατ’
984 1340 1160 1403 ἐστὶν
1184 1334 1535 1415 απάντων,
1581 1333 1691 1398 καὶ
1729 1329 1851 1397 οὐκ
1891 1330 2100 1396 ἔνεστ’
2133 1337 2339 1395 εἰπεῖν

429 1437 580 1505 οὐδ’
630 1437 1055 1504 αἰτιάσασθαι
1084 1432 1168 1509 ὡς
1206 1431 1247 1515 ἢ
1290 1432 1689 1550 πεπεισμένα
1732 1458 1768 1512 η
1821 1429 2208 1512 χαριζόμενά
2247 1424 2338 1514 τςό

429 1541 565 1603 ἐστι
597 1542 906 1614 τοιαῦτα,
951 1530 1089 1596 ἀλλ’
1116 1527 1349 1612 οἷάπερ
1390 1528 1556 1593 αύτα
1582 1527 1871 1611 προδους
1892 1530 2002 1592 και
2029 1495 2340 1609 διαφθεί-
2362 1542 2465 1596 378

429 1661 548 1717 ρας
572 1632 657 1696 συ
681 1637 1059 1712 πεποίηκας,
1084 1625 1319 1692 τοιαῦτ
1352 1626 1768 1709 ἐξεταζόμενα
1804 1632 2120 1707 φαίνεται.
2177 1620 2340 1708 πρὸς

429 1731 499 1796 δὲ
533 1745 669 1805 τοῖς
700 1728 1079 1811 πράγμασιν
1120 1723 1316 1800 αὐτὸς
1353 1722 1588 1789 αὐτίκα
1614 1722 1689 1807 δὴ
1730 1724 1813 1788 σύ
1851 1730 2101 1788 σαυτοῦ
2137 1746 2339 1788 κατα-

427 1826 886 1912 μαρτυρησεις.
955 1822 1312 1903 ἀπόκριναι
1348 1848 1473 1939 γαρ
1523 1819 1693 1902 δευρ
1736 1818 2024 1896 ἀναστάς
2066 1846 2195 1904 μοι.
2258 1807 2339 1883 ού

425 1952 555 2007 γαρ
582 1923 659 2007 δὴ
688 1925 765 1988 δι’
793 1922 1095 2006 ἀπειρίαν
1130 1947 1206 2003 γε
1245 1917 1324 1983 οὐ
1362 1919 1594 2003 φήσεις
1621 1924 1789 2001 ἔχειν
1821 1917 1860 1983 ό
1894 1944 1953 1981 τι
1992 1926 2204 2002 εἴπης·
2270 1942 2341 1992 ος

422 2021 552 2105 γάρ
569 2020 831 2106 ἀγῶνας
844 2016 1116 2095 καινοὺς
1133 2016 1350 2102 ὥσπερ
1367 2016 1683 2101 δράματα,
1709 2018 1814 2081 καὶ
1837 2014 2112 2091 τούτους
2127 2011 2342 2098 ἆμαρ-

425 2120 691 2201 τύρους,
719 2116 885 2199 πρὸς
910 2118 1512 2201 διαμεμετρημένην
1536 2112 1655 2197 τὴν
1678 2112 1928 2198 ἡμέραν
1955 2117 2154 2193 αἱρεῖς
2181 2112 2342 2178 διιό-

425 2243 588 2299 κων,
615 2220 823 2299 δῆλον
847 2213 947 2280 ὅτι
972 2214 1325 2290 πάνδεινος
1352 2212 1409 2277 εἴ
1428 2240 1538 2289 τις.

302 2349 402 2399 121
596 2322 880 2379 Πολλῶν
901 2320 1132 2376 τοίνυν
1157 2314 1264 2375 καὶ
1289 2316 1527 2375 δεινῶν
1552 2309 1766 2373 ὄντων
1802 2317 1934 2371 τῶν
1961 2310 2339 2389 πεπραγμέ-

427 2436 568 2475 νων
589 2416 870 2493 Αἰσχίνῃ
897 2409 1157 2492 τουτῳὶ,
1193 2408 1302 2471 καὶ
1324 2404 1580 2489 πολλὴν
1615 2412 1850 2470 κακίαν
1886 2404 2202 2487 ἐχόντων,
2252 2430 2337 2480 ως

427 2508 540 2572 καὶ
572 2504 734 2590 ὑμῖν
795 2502 977 2587 οἶμαι
1015 2508 1271 2586 δοκεῖν,
1322 2500 1521 2568 ούδεν
1544 2505 1720 2568 ἐστιν
1742 2495 1828 2568 οὗ
1860 2505 2072 2586 μέλλω
2079 2504 2330 2622 λέγειν,

424 2601 512 2679 ὡς
537 2600 664 2685 ε’γω
690 2607 919 2685 κρίνω,
941 2600 1338 2686 δεινότερον,
1377 2597 1527 2665 οὐδ’
1558 2598 1597 2666 ό
1616 2627 1677 2665 τι
1701 2609 1953 2683 μαλλον
1990 2599 2094 2666 ἐπ’
2131 2597 2333 2666 αὐτο-

425 2701 633 2786 φώρςο
680 2695 1244 2781 δεδωροδοκηκότ’
1294 2696 1503 2765 αὐτὸν
1547 2700 1657 2763 και
1710 2699 2088 2783 πεπρακότα
2133 2695 2330 2763 πάντ’

425 2801 754 2879 ἐξελέγξει.
817 2795 1037 2879 ἐπειδὴ
1058 2792 1189 2881 γὰρ
1223 2793 1635 2862 ἀπεστέλλετ’
1664 2788 1862 2871 αὖθις
1900 2789 1986 2859 αὖ
2010 2793 2082 2859 τὸ
2111 2802 2334 2875 τρίτον

425 2892 584 2967 τοὺς
616 2895 921 2977 πρέσβεις
956 2890 1042 2968 ὡς
1076 2890 1196 2958 τὸν
1230 2900 1594 2975 Φίλιππον,
1641 2896 1743 2960 ἐπὶ
1786 2908 1923 2970 ταῖς
1969 2902 2195 2970 καλαῖς
2230 2895 2338 2959 καὶ

423 2989 740 3073 μεγάλαις
770 2993 984 3055 ἐλπίσι
1016 2988 1284 3067 ταύταις
1323 2986 1425 3068 αἷς
1456 2983 1652 3069 οὗτος
1684 2987 2045 3075 ὑπέσχητο,
2091 2994 2338 3073 ἐχειρο-

423 3088 748 3172 τονήσατε
783 3090 894 3154 καὶ
924 3097 1164 3154 τοῦτον
1202 3087 1367 3172 κάμὲ
1401 3092 1667 3155 καὶτῶν
1690 3087 1909 3154 ἄλλων
1953 3085 2110 3164 τούς
2151 3095 2337 3155 πλεί-

294 3213 399 3264 122
424 3205 624 3262 στους
639 3184 796 3261 τοὺς
819 3183 1085 3264 αὐτούς.
1112 3186 1240 3270 ἐγώ
1266 3190 1388 3272 μὲν
1413 3185 1492 3271 δὴ
1519 3185 1879 3271 παρελθών
1902 3185 2333 3271 ἐξωμοσάμην

419 3281 698 3370 εὐθέως,
723 3288 834 3350 καὶ
856 3286 1343 3370 θορυβούντων
1364 3294 1568 3352 τινοῖν
1585 3290 1693 3352 καὶ
1717 3284 2128 3353 κελευόντων
2140 3286 2334 3367 βαδί-

421 3387 555 3461 ζειν
588 3379 713 3448 ούκ
749 3377 833 3447 ἄν
863 3388 1033 3466 ἔφην
1069 3381 1414 3449 ἀπελθεῖν·
1455 3376 1648 3461 οὗτος
1684 3383 1742 3449 δ’
1786 3380 2328 3466 ἐκεχειροτόνητο.

418 3476 644 3564 ἐπειδὴ
672 3484 712 3545 δ
727 3476 745 3500 '
769 3478 1009 3564 άνέστη
1032 3481 1193 3563 μετὰ
1218 3480 1410 3547 ταῦθ’
1436 3480 1476 3566 ἡ
1501 3486 1843 3567 ἐκκλησία,
1890 3479 2334 3557 συνελθόντες

419 3576 855 3662 ἐβουλεύονθ’
885 3569 1071 3646 οὗτοι
1106 3577 1220 3645 τίν’
1252 3577 1464 3645 αὐτοῦ
1488 3585 2017 3657 καταλείψουσιν.
2085 3582 2177 3643 ἔτι
2201 3575 2331 3663 γὰρ
