<?xml version="1.0" encoding="UTF-8"?>
<!DOCTYPE html PUBLIC "-//W3C//DTD XHTML 1.0 Transitional//EN"
    "http://www.w3.org/TR/xhtml1/DTD/xhtml1-transitional.dtd">
<html xmlns="http://www.w3.org/1999/xhtml" xml:lang="en" lang="en">
 <head>
  <title>
</title>
<meta http-equiv="Content-Type" content="text/html;charset=utf-8" />
  <meta name='ocr-system' content='tesseract 3.04.00' />
  <meta name='ocr-capabilities' content='ocr_page ocr_carea ocr_par ocr_line ocrx_word'/>
</head>
<body>
  <div class='ocr_page' id='page_1' title='image "./demosthenisorat13demogoog_0167.png"; bbox 0 0 2622 4065; ppageno 0'>
   <div class='ocr_carea' id='block_1_1' title="bbox 515 296 2228 365">
    <p class='ocr_par' dir='ltr' id='par_1_1' title="bbox 515 296 2228 365">
     <span class='ocr_line' id='line_1_1' title="bbox 515 296 2228 365; baseline 0.007 -12"><span class='ocrx_word' id='word_1_1' title='bbox 515 296 770 354; x_wconf 86' lang='grc' dir='ltr'><em>ΠΕΡΙ</em></span> <span class='ocrx_word' id='word_1_2' title='bbox 831 296 1043 355; x_wconf 87' lang='grc' dir='ltr'><em>ΤΗΣ</em></span> <span class='ocrx_word' id='word_1_3' title='bbox 1094 298 2016 363; x_wconf 86' lang='grc' dir='ltr'><em>ΠΑΡΑΠΡΕΣΒΕΙΑΣ.</em></span> <span class='ocrx_word' id='word_1_4' title='bbox 2097 302 2228 365; x_wconf 75' lang='lat'><em>349</em></span> 
     </span>
    </p>
   </div>
   <div class='ocr_carea' id='block_1_2' title="bbox 182 450 2351 3579">
    <p class='ocr_par' dir='ltr' id='par_1_2' title="bbox 182 450 2351 3579">
     <span class='ocr_line' id='line_1_2' title="bbox 317 450 2280 549; baseline 0.007 -32"><span class='ocrx_word' id='word_1_5' title='bbox 317 450 619 538; x_wconf 77' lang='grc' dir='ltr'><em>ρητόρων</em></span> <span class='ocrx_word' id='word_1_6' title='bbox 662 453 816 522; x_wconf 76' lang='grc' dir='ltr'><em>οὐδὲ</em></span> <span class='ocrx_word' id='word_1_7' title='bbox 851 458 1066 540; x_wconf 87' lang='grc' dir='ltr'><em>λόγων</em></span> <span class='ocrx_word' id='word_1_8' title='bbox 1100 466 1320 544; x_wconf 99' lang='grc' dir='ltr'><em>κρίσιν</em></span> <span class='ocrx_word' id='word_1_9' title='bbox 1356 458 1528 544; x_wconf 78' lang='grc' dir='ltr'><em>ὑμᾶς</em></span> <span class='ocrx_word' id='word_1_10' title='bbox 1563 461 1884 548; x_wconf 79' lang='grc' dir='ltr'><em>τήμερον,</em></span> <span class='ocrx_word' id='word_1_11' title='bbox 1933 472 2111 549; x_wconf 67' lang='grc' dir='ltr'><em>εὔπερ</em></span> <span class='ocrx_word' id='word_1_12' title='bbox 2151 458 2231 530; x_wconf 76' lang='grc' dir='ltr'><em>εὖ</em></span> <span class='ocrx_word' id='word_1_13' title='bbox 2278 505 2280 508; x_wconf 85' lang='grc'><em>·</em></span> 
     </span>
     <span class='ocr_line' id='line_1_3' title="bbox 317 555 2228 644; baseline 0.006 -29"><span class='ocrx_word' id='word_1_14' title='bbox 317 564 641 637; x_wconf 73' lang='grc' dir='ltr'><em>φρονεῖτε,</em></span> <span class='ocrx_word' id='word_1_15' title='bbox 669 556 986 638; x_wconf 85' lang='grc' dir='ltr'><em>προσήκει</em></span> <span class='ocrx_word' id='word_1_16' title='bbox 1009 571 1249 641; x_wconf 77' lang='grc' dir='ltr'><em>ποιεῖν,</em></span> <span class='ocrx_word' id='word_1_17' title='bbox 1279 555 1423 623; x_wconf 72' lang='grc' dir='ltr'><em>ἀλλ’</em></span> <span class='ocrx_word' id='word_1_18' title='bbox 1455 556 1619 643; x_wconf 76' lang='grc' dir='ltr'><em>ὑπὲρ</em></span> <span class='ocrx_word' id='word_1_19' title='bbox 1646 560 2054 644; x_wconf 71' lang='grc' dir='ltr'><em>πραγμάτων</em></span> <span class='ocrx_word' id='word_1_20' title='bbox 2080 568 2228 627; x_wconf 86' lang='grc' dir='ltr'><em>αἰσ-</em></span> 
     </span>
     <span class='ocr_line' id='line_1_4' title="bbox 317 650 2228 744; baseline 0.007 -32"><span class='ocrx_word' id='word_1_21' title='bbox 317 656 486 731; x_wconf 67' lang='grc' dir='ltr'><em>χρώς</em></span> <span class='ocrx_word' id='word_1_22' title='bbox 511 653 615 715; x_wconf 88' lang='grc' dir='ltr'><em>και</em></span> <span class='ocrx_word' id='word_1_23' title='bbox 642 655 871 729; x_wconf 76' lang='grc' dir='ltr'><em>δεινῶς</em></span> <span class='ocrx_word' id='word_1_24' title='bbox 897 650 1341 720; x_wconf 74' lang='grc' dir='ltr'><em>ἀπολωλότων</em></span> <span class='ocrx_word' id='word_1_25' title='bbox 1363 656 1485 741; x_wconf 83' lang='grc' dir='ltr'><em>τὴν</em></span> <span class='ocrx_word' id='word_1_26' title='bbox 1523 655 1956 741; x_wconf 82' lang='grc' dir='ltr'><em>ὑπάρχουσαν</em></span> <span class='ocrx_word' id='word_1_27' title='bbox 1996 663 2228 744; x_wconf 87' lang='grc' dir='ltr'><em>αἰσχύ-</em></span> 
     </span>
     <span class='ocr_line' id='line_1_5' title="bbox 319 750 2230 841; baseline 0.006 -30"><span class='ocrx_word' id='word_1_28' title='bbox 319 773 441 830; x_wconf 91' lang='grc' dir='ltr'><em>νην</em></span> <span class='ocrx_word' id='word_1_29' title='bbox 478 754 565 824; x_wconf 89' lang='grc' dir='ltr'><em>εἰς</em></span> <span class='ocrx_word' id='word_1_30' title='bbox 601 751 754 826; x_wconf 78' lang='grc' dir='ltr'><em>τοὺς</em></span> <span class='ocrx_word' id='word_1_31' title='bbox 791 757 1036 828; x_wconf 79' lang='grc' dir='ltr'><em>αἰτίους</em></span> <span class='ocrx_word' id='word_1_32' title='bbox 1074 750 1509 837; x_wconf 75' lang='grc' dir='ltr'><em>ἀπώσασθαι,</em></span> <span class='ocrx_word' id='word_1_33' title='bbox 1555 752 1634 820; x_wconf 78' lang='grc' dir='ltr'><em>τὰ</em></span> <span class='ocrx_word' id='word_1_34' title='bbox 1673 758 2137 841; x_wconf 82' lang='grc' dir='ltr'><em>πεπραγμένα,</em></span> <span class='ocrx_word' id='word_1_35' title='bbox 2186 758 2230 823; x_wconf 55' lang='lat' dir='ltr'><em>c}</em></span> 
     </span>
     <span class='ocr_line' id='line_1_6' title="bbox 318 844 2229 935; baseline 0.007 -27"><span class='ocrx_word' id='word_1_36' title='bbox 318 844 555 921; x_wconf 87' lang='grc' dir='ltr'><em>πάντες</em></span> <span class='ocrx_word' id='word_1_37' title='bbox 577 850 959 934; x_wconf 75' lang='grc' dir='ltr'><em>ἐπίστασθε,</em></span> <span class='ocrx_word' id='word_1_38' title='bbox 1000 852 1444 928; x_wconf 73' lang='grc' dir='ltr'><em>ἐξετάσαντας.</em></span> <span class='ocrx_word' id='word_1_39' title='bbox 1511 860 1578 918; x_wconf 92' lang='grc' dir='ltr'><em>τί</em></span> <span class='ocrx_word' id='word_1_40' title='bbox 1596 859 1720 920; x_wconf 84' lang='grc' dir='ltr'><em>οὐν</em></span> <span class='ocrx_word' id='word_1_41' title='bbox 1748 859 1881 920; x_wconf 84' lang='grc' dir='ltr'><em>ἐστι</em></span> <span class='ocrx_word' id='word_1_42' title='bbox 1904 864 2146 935; x_wconf 65' lang='grc' dir='ltr'><em>ταύτας</em></span> <span class='ocrx_word' id='word_1_43' title='bbox 2183 855 2229 922; x_wconf 69' lang='grc' dir='ltr'><em>α’</em></span> 
     </span>
     <span class='ocr_line' id='line_1_7' title="bbox 198 940 2224 1039; baseline 0.006 -32"><span class='ocrx_word' id='word_1_44' title='bbox 198 958 299 1012; x_wconf 81' lang='lat'><em>218</em></span> <span class='ocrx_word' id='word_1_45' title='bbox 319 940 501 1026; x_wconf 80' lang='grc' dir='ltr'><em>ὑμεις</em></span> <span class='ocrx_word' id='word_1_46' title='bbox 535 952 669 1010; x_wconf 76' lang='grc' dir='ltr'><em>ἴστε</em></span> <span class='ocrx_word' id='word_1_47' title='bbox 705 949 812 1013; x_wconf 84' lang='grc' dir='ltr'><em>καὶ</em></span> <span class='ocrx_word' id='word_1_48' title='bbox 836 946 916 1012; x_wconf 82' lang='grc' dir='ltr'><em>ού</em></span> <span class='ocrx_word' id='word_1_49' title='bbox 940 948 1098 1034; x_wconf 78' lang='grc' dir='ltr'><em>παρ’</em></span> <span class='ocrx_word' id='word_1_50' title='bbox 1122 948 1313 1033; x_wconf 68' lang='grc' dir='ltr'><em>ἡμῶν</em></span> <span class='ocrx_word' id='word_1_51' title='bbox 1337 949 1508 1037; x_wconf 87' lang='grc' dir='ltr'><em>ὑμας</em></span> <span class='ocrx_word' id='word_1_52' title='bbox 1533 950 1813 1018; x_wconf 88' lang='grc' dir='ltr'><em>ακοῦσαι</em></span> <span class='ocrx_word' id='word_1_53' title='bbox 1837 960 1949 1020; x_wconf 80' lang='grc' dir='ltr'><em>δεῖ.</em></span> <span class='ocrx_word' id='word_1_54' title='bbox 2025 962 2082 1020; x_wconf 85' lang='grc' dir='ltr'><em>εἰ</em></span> <span class='ocrx_word' id='word_1_55' title='bbox 2102 984 2224 1039; x_wconf 87' lang='grc' dir='ltr'><em>μεν</em></span> 
     </span>
     <span class='ocr_line' id='line_1_8' title="bbox 316 1039 2224 1138; baseline 0.009 -35"><span class='ocrx_word' id='word_1_56' title='bbox 316 1040 441 1124; x_wconf 79' lang='grc' dir='ltr'><em>γὰρ</em></span> <span class='ocrx_word' id='word_1_57' title='bbox 467 1039 747 1125; x_wconf 78' lang='grc' dir='ltr'><em>ἅπανθ’,</em></span> <span class='ocrx_word' id='word_1_58' title='bbox 794 1044 901 1109; x_wconf 87' lang='grc' dir='ltr'><em>οσ’</em></span> <span class='ocrx_word' id='word_1_59' title='bbox 926 1045 1294 1130; x_wconf 74' lang='grc' dir='ltr'><em>ὑπέσχονθ’</em></span> <span class='ocrx_word' id='word_1_60' title='bbox 1322 1048 1511 1134; x_wconf 79' lang='grc' dir='ltr'><em>ὑμῖν,</em></span> <span class='ocrx_word' id='word_1_61' title='bbox 1558 1078 1629 1117; x_wconf 87' lang='grc' dir='ltr'><em>εκ</em></span> <span class='ocrx_word' id='word_1_62' title='bbox 1665 1062 1779 1136; x_wconf 85' lang='grc' dir='ltr'><em>τῆς</em></span> <span class='ocrx_word' id='word_1_63' title='bbox 1816 1054 2077 1138; x_wconf 77' lang='grc' dir='ltr'><em>εἰρήνης</em></span> <span class='ocrx_word' id='word_1_64' title='bbox 2111 1057 2224 1136; x_wconf 88' lang='grc' dir='ltr'><em>γε’-</em></span> 
     </span>
     <span class='ocr_line' id='line_1_9' title="bbox 316 1142 2226 1270; baseline 0.007 -66"><span class='ocrx_word' id='word_1_65' title='bbox 316 1164 501 1222; x_wconf 76' lang='grc' dir='ltr'><em>γονε,</em></span> <span class='ocrx_word' id='word_1_66' title='bbox 530 1142 638 1205; x_wconf 82' lang='grc' dir='ltr'><em>καὶ</em></span> <span class='ocrx_word' id='word_1_67' title='bbox 660 1143 982 1227; x_wconf 82' lang='grc' dir='ltr'><em>τοσαύτης</em></span> <span class='ocrx_word' id='word_1_68' title='bbox 992 1144 1363 1270; x_wconf 88' lang='grc' dir='ltr'><em>ανανδρίας</em></span> <span class='ocrx_word' id='word_1_69' title='bbox 1388 1152 1496 1213; x_wconf 88' lang='grc' dir='ltr'><em>και</em></span> <span class='ocrx_word' id='word_1_70' title='bbox 1521 1158 1747 1226; x_wconf 80' lang='grc' dir='ltr'><em>κακίας</em></span> <span class='ocrx_word' id='word_1_71' title='bbox 1770 1148 1956 1234; x_wconf 84' lang='grc' dir='ltr'><em>ὑμεις</em></span> <span class='ocrx_word' id='word_1_72' title='bbox 1980 1149 2226 1236; x_wconf 73' lang='grc' dir='ltr'><em>ὁμολο-</em></span> 
     </span>
     <span class='ocr_line' id='line_1_10' title="bbox 315 1237 2223 1333; baseline 0.007 -33"><span class='ocrx_word' id='word_1_73' title='bbox 315 1248 485 1320; x_wconf 86' lang='grc' dir='ltr'><em>γεῖτε</em></span> <span class='ocrx_word' id='word_1_74' title='bbox 512 1237 674 1303; x_wconf 83' lang='grc' dir='ltr'><em>εἶναι</em></span> <span class='ocrx_word' id='word_1_75' title='bbox 697 1243 917 1323; x_wconf 80' lang='grc' dir='ltr'><em>μεστοὶ</em></span> <span class='ocrx_word' id='word_1_76' title='bbox 953 1240 1119 1306; x_wconf 85' lang='grc' dir='ltr'><em>ω’στε</em></span> <span class='ocrx_word' id='word_1_77' title='bbox 1154 1243 1306 1328; x_wconf 85' lang='grc' dir='ltr'><em>μήτ</em></span> <span class='ocrx_word' id='word_1_78' title='bbox 1333 1248 1404 1310; x_wconf 82' lang='grc' dir='ltr'><em>ἐν</em></span> <span class='ocrx_word' id='word_1_79' title='bbox 1429 1252 1506 1330; x_wconf 83' lang='grc' dir='ltr'><em>τῇ</em></span> <span class='ocrx_word' id='word_1_80' title='bbox 1528 1247 1709 1333; x_wconf 73' lang='grc' dir='ltr'><em>χώρα</em></span> <span class='ocrx_word' id='word_1_81' title='bbox 1734 1275 1867 1313; x_wconf 85' lang='grc' dir='ltr'><em>των</em></span> <span class='ocrx_word' id='word_1_82' title='bbox 1892 1255 2223 1332; x_wconf 86' lang='grc' dir='ltr'><em>πολεμίων</em></span> 
     </span>
     <span class='ocr_line' id='line_1_11' title="bbox 317 1332 2222 1434; baseline 0.007 -37"><span class='ocrx_word' id='word_1_83' title='bbox 317 1332 530 1399; x_wconf 89' lang='grc' dir='ltr'><em>όντων</em></span> <span class='ocrx_word' id='word_1_84' title='bbox 552 1336 705 1419; x_wconf 68' lang='grc' dir='ltr'><em>μήτ’</em></span> <span class='ocrx_word' id='word_1_85' title='bbox 731 1342 799 1403; x_wconf 84' lang='grc' dir='ltr'><em>ἐκ</em></span> <span class='ocrx_word' id='word_1_86' title='bbox 826 1341 1153 1424; x_wconf 79' lang='grc' dir='ltr'><em>θαλάττης</em></span> <span class='ocrx_word' id='word_1_87' title='bbox 1177 1346 1730 1428; x_wconf 81' lang='grc' dir='ltr'><em>πολιορκούμενοι</em></span> <span class='ocrx_word' id='word_1_88' title='bbox 1750 1346 1902 1431; x_wconf 80' lang='grc' dir='ltr'><em>μήτ’</em></span> <span class='ocrx_word' id='word_1_89' title='bbox 1936 1352 2009 1414; x_wconf 84' lang='grc' dir='ltr'><em>ἐν</em></span> <span class='ocrx_word' id='word_1_90' title='bbox 2044 1348 2222 1434; x_wconf 77' lang='grc' dir='ltr'><em>α’λλςο</em></span> 
     </span>
     <span class='ocr_line' id='line_1_12' title="bbox 315 1435 2351 1524; baseline 0.008 -28"><span class='ocrx_word' id='word_1_91' title='bbox 315 1435 546 1514; x_wconf 83' lang='grc' dir='ltr'><em>μηδενὶ</em></span> <span class='ocrx_word' id='word_1_92' title='bbox 569 1437 763 1521; x_wconf 75' lang='grc' dir='ltr'><em>δεινῷ</em></span> <span class='ocrx_word' id='word_1_93' title='bbox 785 1445 897 1520; x_wconf 82' lang='grc' dir='ltr'><em>τῆς</em></span> <span class='ocrx_word' id='word_1_94' title='bbox 922 1439 1175 1514; x_wconf 86' lang='grc' dir='ltr'><em>πόλεως</em></span> <span class='ocrx_word' id='word_1_95' title='bbox 1199 1440 1434 1524; x_wconf 83' lang='grc' dir='ltr'><em>οὔσης,</em></span> <span class='ocrx_word' id='word_1_96' title='bbox 1483 1441 1648 1507; x_wconf 90' lang='grc' dir='ltr'><em>αλλα</em></span> <span class='ocrx_word' id='word_1_97' title='bbox 1686 1448 1796 1508; x_wconf 85' lang='grc' dir='ltr'><em>καὶ</em></span> <span class='ocrx_word' id='word_1_98' title='bbox 1833 1458 2017 1509; x_wconf 79' lang='grc' dir='ltr'><em>σῖτον</em></span> <span class='ocrx_word' id='word_1_99' title='bbox 2056 1445 2225 1511; x_wconf 79' lang='grc' dir='ltr'><em>εὔω-</em></span> <span class='ocrx_word' id='word_1_100' title='bbox 2245 1467 2351 1519; x_wconf 73' lang='lat'><em>409</em></span> 
     </span>
     <span class='ocr_line' id='line_1_13' title="bbox 315 1527 2226 1630; baseline 0.011 -39"><span class='ocrx_word' id='word_1_101' title='bbox 315 1554 437 1593; x_wconf 91' lang='grc' dir='ltr'><em>νον</em></span> <span class='ocrx_word' id='word_1_102' title='bbox 476 1527 843 1614; x_wconf 82' lang='grc' dir='ltr'><em>ωνούμενοι</em></span> <span class='ocrx_word' id='word_1_103' title='bbox 881 1539 987 1598; x_wconf 84' lang='grc' dir='ltr'><em>και</em></span> <span class='ocrx_word' id='word_1_104' title='bbox 1024 1535 1225 1600; x_wconf 81' lang='grc' dir='ltr'><em>τάλλα</em></span> <span class='ocrx_word' id='word_1_105' title='bbox 1263 1536 1464 1604; x_wconf 81' lang='grc' dir='ltr'><em>οὐδε-ν</em></span> <span class='ocrx_word' id='word_1_106' title='bbox 1497 1555 1718 1625; x_wconf 79' lang='grc' dir='ltr'><em>χεῖρον</em></span> <span class='ocrx_word' id='word_1_107' title='bbox 1754 1544 2152 1624; x_wconf 87' lang='grc' dir='ltr'><em>πράττοντες</em></span> <span class='ocrx_word' id='word_1_108' title='bbox 2185 1545 2226 1630; x_wconf 81' lang='grc' dir='ltr'><em>ἢ</em></span> 
     </span>
     <span class='ocr_line' id='line_1_14' title="bbox 190 1630 2228 1723; baseline 0.009 -31"><span class='ocrx_word' id='word_1_109' title='bbox 190 1640 295 1694; x_wconf 75' lang='lat'><em>219</em></span> <span class='ocrx_word' id='word_1_110' title='bbox 315 1633 475 1708; x_wconf 80' lang='grc' dir='ltr'><em>νῦν,</em></span> <span class='ocrx_word' id='word_1_111' title='bbox 524 1630 897 1710; x_wconf 73' lang='grc' dir='ltr'><em>προειδότες</em></span> <span class='ocrx_word' id='word_1_112' title='bbox 944 1635 1052 1697; x_wconf 82' lang='grc' dir='ltr'><em>καὶ</em></span> <span class='ocrx_word' id='word_1_113' title='bbox 1089 1639 1575 1719; x_wconf 83' lang='grc' dir='ltr'><em>προακηκοότες</em></span> <span class='ocrx_word' id='word_1_114' title='bbox 1613 1665 1791 1723; x_wconf 88' lang='grc' dir='ltr'><em>παρα</em></span> <span class='ocrx_word' id='word_1_115' title='bbox 1826 1644 2084 1708; x_wconf 87' lang='grc' dir='ltr'><em>τούτων</em></span> <span class='ocrx_word' id='word_1_116' title='bbox 2117 1648 2228 1710; x_wconf 81' lang='grc' dir='ltr'><em>καὶ</em></span> 
     </span>
     <span class='ocr_line' id='line_1_15' title="bbox 311 1727 2225 1845; baseline 0.01 -59"><span class='ocrx_word' id='word_1_117' title='bbox 311 1749 467 1800; x_wconf 85' lang='grc' dir='ltr'><em>τους</em></span> <span class='ocrx_word' id='word_1_118' title='bbox 492 1727 875 1845; x_wconf 85' lang='grc' dir='ltr'><em>συμμάχους</em></span> <span class='ocrx_word' id='word_1_119' title='bbox 898 1727 1395 1814; x_wconf 81' lang='grc' dir='ltr'><em>απολουμένους</em></span> <span class='ocrx_word' id='word_1_120' title='bbox 1420 1739 1530 1800; x_wconf 81' lang='grc' dir='ltr'><em>καὶ</em></span> <span class='ocrx_word' id='word_1_121' title='bbox 1555 1744 1886 1821; x_wconf 80' lang='grc' dir='ltr'><em>Θηβαίους</em></span> <span class='ocrx_word' id='word_1_122' title='bbox 1910 1742 2225 1823; x_wconf 74' lang='grc' dir='ltr'><em>ἰσχυρούς</em></span> 
     </span>
     <span class='ocr_line' id='line_1_16' title="bbox 311 1825 2225 1921; baseline 0.011 -38"><span class='ocrx_word' id='word_1_123' title='bbox 311 1825 794 1904; x_wconf 80' lang='grc' dir='ltr'><em>γενησομένους</em></span> <span class='ocrx_word' id='word_1_124' title='bbox 830 1828 936 1890; x_wconf 82' lang='grc' dir='ltr'><em>καὶ</em></span> <span class='ocrx_word' id='word_1_125' title='bbox 970 1826 1124 1893; x_wconf 79' lang='grc' dir='ltr'><em>τᾶπι</em></span> <span class='ocrx_word' id='word_1_126' title='bbox 1161 1831 1426 1915; x_wconf 79' lang='grc' dir='ltr'><em>Θράκης</em></span> <span class='ocrx_word' id='word_1_127' title='bbox 1464 1840 1794 1900; x_wconf 86' lang='grc' dir='ltr'><em>Φιλιππου</em></span> <span class='ocrx_word' id='word_1_128' title='bbox 1840 1836 2225 1921; x_wconf 82' lang='grc' dir='ltr'><em>ληψόμενον</em></span> 
     </span>
     <span class='ocr_line' id='line_1_17' title="bbox 311 1919 2219 2020; baseline 0.01 -38.01"><span class='ocrx_word' id='word_1_129' title='bbox 311 1921 420 1982; x_wconf 84' lang='grc' dir='ltr'><em>καὶ</em></span> <span class='ocrx_word' id='word_1_130' title='bbox 479 1922 548 1984; x_wconf 85' lang='grc' dir='ltr'><em>ἐν</em></span> <span class='ocrx_word' id='word_1_131' title='bbox 591 1919 848 2008; x_wconf 80' lang='grc' dir='ltr'><em>Εὐβοία</em></span> <span class='ocrx_word' id='word_1_132' title='bbox 892 1930 1655 2014; x_wconf 77' lang='grc' dir='ltr'><em>κατασκευασθησόμενα</em></span> <span class='ocrx_word' id='word_1_133' title='bbox 1701 1930 2064 2019; x_wconf 86' lang='grc' dir='ltr'><em>ὁρμητήρια</em></span> <span class='ocrx_word' id='word_1_134' title='bbox 2108 1936 2219 2020; x_wconf 70' lang='grc' dir='ltr'><em>ἐφ’</em></span> 
     </span>
     <span class='ocr_line' id='line_1_18' title="bbox 309 2013 2218 2143; baseline 0.011 -63"><span class='ocrx_word' id='word_1_135' title='bbox 309 2013 478 2098; x_wconf 80' lang='grc' dir='ltr'><em>ὑμας</em></span> <span class='ocrx_word' id='word_1_136' title='bbox 502 2019 607 2083; x_wconf 88' lang='grc' dir='ltr'><em>και</em></span> <span class='ocrx_word' id='word_1_137' title='bbox 632 2017 842 2084; x_wconf 70' lang='grc' dir='ltr'><em>πάνθ’</em></span> <span class='ocrx_word' id='word_1_138' title='bbox 867 2049 908 2085; x_wconf 90' lang='grc' dir='ltr'><em>α</em></span> <span class='ocrx_word' id='word_1_139' title='bbox 934 2025 1298 2105; x_wconf 79' lang='grc' dir='ltr'><em>πέπρακται</em></span> <span class='ocrx_word' id='word_1_140' title='bbox 1322 2030 1768 2143; x_wconf 75' lang='grc' dir='ltr'><em>γενησόμενα,</em></span> <span class='ocrx_word' id='word_1_141' title='bbox 1817 2031 1954 2098; x_wconf 76' lang='grc' dir='ltr'><em>εἶτα</em></span> <span class='ocrx_word' id='word_1_142' title='bbox 1978 2034 2099 2119; x_wconf 85' lang='grc' dir='ltr'><em>τὴν</em></span> <span class='ocrx_word' id='word_1_143' title='bbox 2125 2041 2218 2101; x_wconf 89' lang='grc' dir='ltr'><em>εἰ-</em></span> 
     </span>
     <span class='ocr_line' id='line_1_19' title="bbox 309 2113 2218 2216; baseline 0.013 -41"><span class='ocrx_word' id='word_1_144' title='bbox 309 2113 519 2196; x_wconf 82' lang='grc' dir='ltr'><em>ρήνην</em></span> <span class='ocrx_word' id='word_1_145' title='bbox 553 2117 956 2200; x_wconf 79' lang='grc' dir='ltr'><em>ἐποιήσασθε</em></span> <span class='ocrx_word' id='word_1_146' title='bbox 1000 2119 1380 2208; x_wconf 78' lang='grc' dir='ltr'><em>ἆγαπητως,</em></span> <span class='ocrx_word' id='word_1_147' title='bbox 1428 2125 1949 2211; x_wconf 64' lang='grc' dir='ltr'><em>ἀποψηφίσασθε</em></span> <span class='ocrx_word' id='word_1_148' title='bbox 1985 2139 2218 2216; x_wconf 86' lang='grc' dir='ltr'><em>Αἰσχί-</em></span> 
     </span>
     <span class='ocr_line' id='line_1_20' title="bbox 306 2214 2216 2315; baseline 0.012 -40"><span class='ocrx_word' id='word_1_149' title='bbox 306 2237 461 2293; x_wconf 89' lang='grc' dir='ltr'><em>νου,</em></span> <span class='ocrx_word' id='word_1_150' title='bbox 511 2216 617 2278; x_wconf 79' lang='grc' dir='ltr'><em>καὶ</em></span> <span class='ocrx_word' id='word_1_151' title='bbox 659 2214 746 2297; x_wconf 86' lang='grc' dir='ltr'><em>μὴ</em></span> <span class='ocrx_word' id='word_1_152' title='bbox 794 2217 958 2298; x_wconf 79' lang='grc' dir='ltr'><em>πρὸς</em></span> <span class='ocrx_word' id='word_1_153' title='bbox 1000 2222 1339 2299; x_wconf 87' lang='grc' dir='ltr'><em>τοσούτοις</em></span> <span class='ocrx_word' id='word_1_154' title='bbox 1385 2230 1673 2307; x_wconf 80' lang='grc' dir='ltr'><em>αἰσχροῖς</em></span> <span class='ocrx_word' id='word_1_155' title='bbox 1717 2229 1827 2293; x_wconf 82' lang='grc' dir='ltr'><em>καὶ</em></span> <span class='ocrx_word' id='word_1_156' title='bbox 1872 2232 2216 2315; x_wconf 80' lang='grc' dir='ltr'><em>ἐπιορκίαν</em></span> 
     </span>
     <span class='ocr_line' id='line_1_21' title="bbox 307 2312 2218 2411; baseline 0.012 -40"><span class='ocrx_word' id='word_1_157' title='bbox 307 2312 843 2396; x_wconf 78' lang='grc' dir='ltr'><em>προσκτήσησθε·</em></span> <span class='ocrx_word' id='word_1_158' title='bbox 891 2314 1092 2382; x_wconf 78' lang='grc' dir='ltr'><em>οὐδεν</em></span> <span class='ocrx_word' id='word_1_159' title='bbox 1117 2344 1241 2401; x_wconf 86' lang='grc' dir='ltr'><em>γαρ</em></span> <span class='ocrx_word' id='word_1_160' title='bbox 1268 2319 1441 2403; x_wconf 79' lang='grc' dir='ltr'><em>ὑμας</em></span> <span class='ocrx_word' id='word_1_161' title='bbox 1467 2320 1708 2407; x_wconf 82' lang='grc' dir='ltr'><em>αδικεῖ,</em></span> <span class='ocrx_word' id='word_1_162' title='bbox 1736 2322 1884 2390; x_wconf 84' lang='grc' dir='ltr'><em>αλλ’</em></span> <span class='ocrx_word' id='word_1_163' title='bbox 1913 2324 2038 2409; x_wconf 80' lang='grc' dir='ltr'><em>ἐγω</em></span> <span class='ocrx_word' id='word_1_164' title='bbox 2063 2336 2218 2411; x_wconf 71' lang='grc' dir='ltr'><em>μαύ-</em></span> 
     </span>
     <span class='ocr_line' id='line_1_22' title="bbox 182 2414 2218 2529; baseline 0.01 -57"><span class='ocrx_word' id='word_1_165' title='bbox 182 2423 288 2475; x_wconf 75' lang='lat'><em>220</em></span> <span class='ocrx_word' id='word_1_166' title='bbox 308 2432 505 2491; x_wconf 88' lang='grc' dir='ltr'><em>νομαι</em></span> <span class='ocrx_word' id='word_1_167' title='bbox 550 2414 658 2476; x_wconf 83' lang='grc' dir='ltr'><em>καὶ</em></span> <span class='ocrx_word' id='word_1_168' title='bbox 700 2414 1083 2529; x_wconf 78' lang='grc' dir='ltr'><em>τετύφωμαι</em></span> <span class='ocrx_word' id='word_1_169' title='bbox 1131 2426 1262 2481; x_wconf 83' lang='grc' dir='ltr'><em>νῦν</em></span> <span class='ocrx_word' id='word_1_170' title='bbox 1307 2428 1695 2503; x_wconf 80' lang='grc' dir='ltr'><em>κατηγορῶν</em></span> <span class='ocrx_word' id='word_1_171' title='bbox 1744 2421 1972 2489; x_wconf 82' lang='grc' dir='ltr'><em>αὐτοῦ.</em></span> <span class='ocrx_word' id='word_1_172' title='bbox 2045 2432 2104 2491; x_wconf 88' lang='grc' dir='ltr'><em>εἰ</em></span> <span class='ocrx_word' id='word_1_173' title='bbox 2146 2429 2218 2493; x_wconf 81' lang='grc' dir='ltr'><em>δε</em></span> 
     </span>
     <span class='ocr_line' id='line_1_23' title="bbox 305 2505 2218 2605; baseline 0.011 -38"><span class='ocrx_word' id='word_1_174' title='bbox 305 2505 519 2569; x_wconf 84' lang='grc' dir='ltr'><em>πάντα</em></span> <span class='ocrx_word' id='word_1_175' title='bbox 542 2505 852 2574; x_wconf 75' lang='grc' dir='ltr'><em>τάναντία</em></span> <span class='ocrx_word' id='word_1_176' title='bbox 877 2513 1132 2577; x_wconf 87' lang='grc' dir='ltr'><em>τούτων</em></span> <span class='ocrx_word' id='word_1_177' title='bbox 1152 2520 1261 2579; x_wconf 92' lang='grc' dir='ltr'><em>και</em></span> <span class='ocrx_word' id='word_1_178' title='bbox 1285 2517 1496 2580; x_wconf 91' lang='grc' dir='ltr'><em>πολλα</em></span> <span class='ocrx_word' id='word_1_179' title='bbox 1523 2522 1628 2583; x_wconf 78' lang='grc' dir='ltr'><em>καὶ</em></span> <span class='ocrx_word' id='word_1_180' title='bbox 1652 2521 2102 2605; x_wconf 79' lang='grc' dir='ltr'><em>φιλάνθρωπα</em></span> <span class='ocrx_word' id='word_1_181' title='bbox 2124 2529 2218 2589; x_wconf 85' lang='grc' dir='ltr'><em>εἰ-</em></span> 
     </span>
     <span class='ocr_line' id='line_1_24' title="bbox 305 2600 2216 2703; baseline 0.011 -40"><span class='ocrx_word' id='word_1_182' title='bbox 305 2600 538 2677; x_wconf 88' lang='grc' dir='ltr'><em>πόντες</em></span> <span class='ocrx_word' id='word_1_183' title='bbox 565 2609 926 2687; x_wconf 82' lang='grc' dir='ltr'><em>Φιλιππου,</em></span> <span class='ocrx_word' id='word_1_184' title='bbox 975 2617 1191 2689; x_wconf 75' lang='grc' dir='ltr'><em>φιλεῖν</em></span> <span class='ocrx_word' id='word_1_185' title='bbox 1213 2610 1336 2693; x_wconf 76' lang='grc' dir='ltr'><em>τὴν</em></span> <span class='ocrx_word' id='word_1_186' title='bbox 1360 2613 1591 2693; x_wconf 83' lang='grc' dir='ltr'><em>πόλιν,</em></span> <span class='ocrx_word' id='word_1_187' title='bbox 1641 2621 1910 2691; x_wconf 81' lang='grc' dir='ltr'><em>Φωκέας</em></span> <span class='ocrx_word' id='word_1_188' title='bbox 1943 2619 2216 2703; x_wconf 70' lang='grc' dir='ltr'><em>σώσειν,</em></span> 
     </span>
     <span class='ocr_line' id='line_1_25' title="bbox 306 2703 2216 2826; baseline 0.011 -65"><span class='ocrx_word' id='word_1_189' title='bbox 306 2704 634 2782; x_wconf 81' lang='grc' dir='ltr'><em>Θηβαίους</em></span> <span class='ocrx_word' id='word_1_190' title='bbox 671 2703 946 2768; x_wconf 87' lang='grc' dir='ltr'><em>παύσειν</em></span> <span class='ocrx_word' id='word_1_191' title='bbox 986 2714 1098 2789; x_wconf 83' lang='grc' dir='ltr'><em>τῆς</em></span> <span class='ocrx_word' id='word_1_192' title='bbox 1135 2705 1422 2826; x_wconf 80' lang='grc' dir='ltr'><em>ύβρεως,</em></span> <span class='ocrx_word' id='word_1_193' title='bbox 1471 2716 1563 2775; x_wconf 83' lang='grc' dir='ltr'><em>ἔτι</em></span> <span class='ocrx_word' id='word_1_194' title='bbox 1598 2714 1760 2795; x_wconf 78' lang='grc' dir='ltr'><em>πρὸς</em></span> <span class='ocrx_word' id='word_1_195' title='bbox 1784 2713 2043 2791; x_wconf 90' lang='grc' dir='ltr'><em>τούτοις</em></span> <span class='ocrx_word' id='word_1_196' title='bbox 2066 2725 2216 2799; x_wconf 77' lang='grc' dir='ltr'><em>μεί-</em></span> 
     </span>
     <span class='ocr_line' id='line_1_26' title="bbox 303 2793 2218 2901; baseline 0.009 -40"><span class='ocrx_word' id='word_1_197' title='bbox 303 2801 456 2873; x_wconf 82' lang='grc' dir='ltr'><em>ζονα</em></span> <span class='ocrx_word' id='word_1_198' title='bbox 494 2793 537 2881; x_wconf 75' lang='grc' dir='ltr'><em>ἢ</em></span> <span class='ocrx_word' id='word_1_199' title='bbox 571 2797 713 2864; x_wconf 85' lang='grc' dir='ltr'><em>κατ’</em></span> <span class='ocrx_word' id='word_1_200' title='bbox 749 2798 1144 2885; x_wconf 84' lang='grc' dir='ltr'><em>Ἀμφίπολιν</em></span> <span class='ocrx_word' id='word_1_201' title='bbox 1187 2809 1260 2869; x_wconf 83' lang='grc' dir='ltr'><em>εὐ</em></span> <span class='ocrx_word' id='word_1_202' title='bbox 1297 2806 1597 2890; x_wconf 86' lang='grc' dir='ltr'><em>ποιήσειν</em></span> <span class='ocrx_word' id='word_1_203' title='bbox 1630 2806 1832 2894; x_wconf 78' lang='grc' dir='ltr'><em>υμᾶς,</em></span> <span class='ocrx_word' id='word_1_204' title='bbox 1881 2810 1997 2877; x_wconf 80' lang='grc' dir='ltr'><em>ἐαν</em></span> <span class='ocrx_word' id='word_1_205' title='bbox 2042 2812 2218 2901; x_wconf 68' lang='grc' dir='ltr'><em>τύχης</em></span> 
     </span>
     <span class='ocr_line' id='line_1_27' title="bbox 302 2896 2207 2987; baseline 0.011 -31"><span class='ocrx_word' id='word_1_206' title='bbox 302 2900 414 2976; x_wconf 84' lang='grc' dir='ltr'><em>τῆς</em></span> <span class='ocrx_word' id='word_1_207' title='bbox 439 2896 731 2982; x_wconf 80' lang='grc' dir='ltr'><em>εἰρήνης,</em></span> <span class='ocrx_word' id='word_1_208' title='bbox 778 2897 1109 2985; x_wconf 79' lang='grc' dir='ltr'><em>Εύβοιαν,</em></span> <span class='ocrx_word' id='word_1_209' title='bbox 1147 2900 1452 2987; x_wconf 76' lang='grc' dir='ltr'><em>Ὠρωπὸν</em></span> <span class='ocrx_word' id='word_1_210' title='bbox 1478 2903 1879 2974; x_wconf 71' lang='grc' dir='ltr'><em>ἀποδώσειν·</em></span> <span class='ocrx_word' id='word_1_211' title='bbox 1926 2917 1988 2976; x_wconf 90' lang='grc' dir='ltr'><em>εἰ</em></span> <span class='ocrx_word' id='word_1_212' title='bbox 2016 2913 2207 2977; x_wconf 76' lang='grc' dir='ltr'><em>ταῦτ’</em></span> 
     </span>
     <span class='ocr_line' id='line_1_28' title="bbox 303 2990 2209 3092; baseline 0.013 -40"><span class='ocrx_word' id='word_1_213' title='bbox 303 2990 592 3069; x_wconf 87' lang='grc' dir='ltr'><em>εἰπόντες</em></span> <span class='ocrx_word' id='word_1_214' title='bbox 628 2999 732 3060; x_wconf 79' lang='grc' dir='ltr'><em>καὶ</em></span> <span class='ocrx_word' id='word_1_215' title='bbox 768 2996 1208 3083; x_wconf 83' lang='grc' dir='ltr'><em>ὑποσχόμενοι</em></span> <span class='ocrx_word' id='word_1_216' title='bbox 1244 2999 1441 3066; x_wconf 80' lang='grc' dir='ltr'><em>πάντ’</em></span> <span class='ocrx_word' id='word_1_217' title='bbox 1483 3007 1920 3092; x_wconf 81' lang='grc' dir='ltr'><em>ἐξηπατήκασι</em></span> <span class='ocrx_word' id='word_1_218' title='bbox 1956 3015 2065 3075; x_wconf 89' lang='grc' dir='ltr'><em>και</em></span> <span class='ocrx_word' id='word_1_219' title='bbox 2090 3035 2209 3076; x_wconf 82' lang='grc' dir='ltr'><em>πε·-</em></span> 
     </span>
     <span class='ocr_line' id='line_1_29' title="bbox 304 3094 2210 3197; baseline 0.014 -48"><span class='ocrx_word' id='word_1_220' title='bbox 304 3094 694 3169; x_wconf 87' lang='grc' dir='ltr'><em>φενακίκασι</em></span> <span class='ocrx_word' id='word_1_221' title='bbox 739 3096 847 3159; x_wconf 85' lang='grc' dir='ltr'><em>καὶ</em></span> <span class='ocrx_word' id='word_1_222' title='bbox 891 3096 1103 3177; x_wconf 87' lang='grc' dir='ltr'><em>μόνον</em></span> <span class='ocrx_word' id='word_1_223' title='bbox 1150 3096 1230 3163; x_wconf 81' lang='grc' dir='ltr'><em>οὐ</em></span> <span class='ocrx_word' id='word_1_224' title='bbox 1267 3097 1389 3188; x_wconf 85' lang='grc' dir='ltr'><em>τὴν</em></span> <span class='ocrx_word' id='word_1_225' title='bbox 1404 3098 1702 3187; x_wconf 84' lang='grc' dir='ltr'><em>Ἀττικὴν</em></span> <span class='ocrx_word' id='word_1_226' title='bbox 1747 3103 1936 3189; x_wconf 80' lang='grc' dir='ltr'><em>ὑμων</em></span> <span class='ocrx_word' id='word_1_227' title='bbox 1976 3110 2210 3197; x_wconf 81' lang='grc' dir='ltr'><em>περιῄ-</em></span> 
     </span>
     <span class='ocr_line' id='line_1_30' title="bbox 304 3197 2211 3286; baseline 0.014 -36"><span class='ocrx_word' id='word_1_228' title='bbox 304 3209 562 3269; x_wconf 89' lang='grc' dir='ltr'><em>ρηνται,</em></span> <span class='ocrx_word' id='word_1_229' title='bbox 609 3199 1193 3280; x_wconf 75' lang='grc' dir='ltr'><em>καταψηφίσασθε,</em></span> <span class='ocrx_word' id='word_1_230' title='bbox 1241 3199 1350 3263; x_wconf 81' lang='grc' dir='ltr'><em>καὶ</em></span> <span class='ocrx_word' id='word_1_231' title='bbox 1388 3197 1477 3283; x_wconf 78' lang='grc' dir='ltr'><em>μὴ</em></span> <span class='ocrx_word' id='word_1_232' title='bbox 1514 3199 1679 3284; x_wconf 79' lang='grc' dir='ltr'><em>πρὸς</em></span> <span class='ocrx_word' id='word_1_233' title='bbox 1703 3218 1836 3281; x_wconf 78' lang='grc' dir='ltr'><em>τοῖς</em></span> <span class='ocrx_word' id='word_1_234' title='bbox 1861 3206 2086 3286; x_wconf 76' lang='grc' dir='ltr'><em>ἄλλοις</em></span> <span class='ocrx_word' id='word_1_235' title='bbox 2110 3216 2211 3286; x_wconf 81' lang='grc' dir='ltr'><em>οἱς</em></span> 
     </span>
     <span class='ocr_line' id='line_1_31' title="bbox 207 3281 2208 3421; baseline 0.014 -75"><span class='ocrx_word' id='word_1_236' title='bbox 207 3282 221 3291; x_wconf 33' lang='lat' dir='ltr'><em>&#39;s</em></span> <span class='ocrx_word' id='word_1_237' title='bbox 303 3281 586 3407; x_wconf 79' lang='grc' dir='ltr'><em>ὕβρισθε</em></span> <span class='ocrx_word' id='word_1_238' title='bbox 623 3287 731 3371; x_wconf 83' lang='grc' dir='ltr'><em>(ού</em></span> <span class='ocrx_word' id='word_1_239' title='bbox 765 3316 893 3373; x_wconf 89' lang='grc' dir='ltr'><em>γαρ</em></span> <span class='ocrx_word' id='word_1_240' title='bbox 933 3291 1127 3376; x_wconf 81' lang='grc' dir='ltr'><em>ἔγωγ’</em></span> <span class='ocrx_word' id='word_1_241' title='bbox 1171 3293 1299 3361; x_wconf 77' lang='grc' dir='ltr'><em>οἶδ’</em></span> <span class='ocrx_word' id='word_1_242' title='bbox 1339 3294 1380 3362; x_wconf 86' lang='grc' dir='ltr'><em>ό</em></span> <span class='ocrx_word' id='word_1_243' title='bbox 1400 3324 1460 3363; x_wconf 89' lang='grc' dir='ltr'><em>τι</em></span> <span class='ocrx_word' id='word_1_244' title='bbox 1484 3298 1604 3421; x_wconf 85' lang='grc' dir='ltr'><em>χρὴ</em></span> <span class='ocrx_word' id='word_1_245' title='bbox 1630 3307 1845 3387; x_wconf 80' lang='grc' dir='ltr'><em>λέγειν</em></span> <span class='ocrx_word' id='word_1_246' title='bbox 1868 3305 2059 3392; x_wconf 77' lang='grc' dir='ltr'><em>ἄλλο)</em></span> <span class='ocrx_word' id='word_1_247' title='bbox 2096 3312 2208 3373; x_wconf 79' lang='grc' dir='ltr'><em>καὶ</em></span> 
     </span>
     <span class='ocr_line' id='line_1_32' title="bbox 301 3378 2206 3487; baseline 0.014 -42"><span class='ocrx_word' id='word_1_248' title='bbox 301 3378 467 3467; x_wconf 83' lang='grc' dir='ltr'><em>ὑπερ</em></span> <span class='ocrx_word' id='word_1_249' title='bbox 510 3411 604 3450; x_wconf 88' lang='grc' dir='ltr'><em>ων</em></span> <span class='ocrx_word' id='word_1_250' title='bbox 639 3412 824 3454; x_wconf 89' lang='grc' dir='ltr'><em>ουτοι</em></span> <span class='ocrx_word' id='word_1_251' title='bbox 860 3392 1550 3480; x_wconf 62' lang='grc' dir='ltr'><em>δεδωροδοκήκασιν’</em></span> <span class='ocrx_word' id='word_1_252' title='bbox 1513 3414 1698 3483; x_wconf 83' lang='grc' dir='ltr'><em>υμεϊς</em></span> <span class='ocrx_word' id='word_1_253' title='bbox 1732 3402 1854 3486; x_wconf 84' lang='grc' dir='ltr'><em>τὴν</em></span> <span class='ocrx_word' id='word_1_254' title='bbox 1890 3401 2062 3487; x_wconf 79' lang='grc' dir='ltr'><em>ἀραν</em></span> <span class='ocrx_word' id='word_1_255' title='bbox 2098 3408 2206 3471; x_wconf 73' lang='grc' dir='ltr'><em>καὶ</em></span> 
     </span>
     <span class='ocr_line' id='line_1_33' title="bbox 298 3478 1537 3579; baseline 0.016 -36"><span class='ocrx_word' id='word_1_256' title='bbox 298 3478 422 3563; x_wconf 80' lang='grc' dir='ltr'><em>τὴν</em></span> <span class='ocrx_word' id='word_1_257' title='bbox 445 3484 784 3567; x_wconf 80' lang='grc' dir='ltr'><em>ἐπιορκίαν</em></span> <span class='ocrx_word' id='word_1_258' title='bbox 809 3492 1030 3555; x_wconf 77' lang='grc' dir='ltr'><em>οἴκαδε</em></span> <span class='ocrx_word' id='word_1_259' title='bbox 1056 3496 1537 3579; x_wconf 79' lang='grc' dir='ltr'><em>εἰσενέγκησθε.</em></span> 
     </span>
    </p>
   </div>
  </div>
 </body>
</html>
