2622 4065
294 2776 361 2831 67

377 337 500 397 308
812 334 953 390 XIX.
1028 326 1859 388 ΔΗΜΟΣΘΕΝΟΤΣ

376 503 699 579 περιορᾶν
719 515 1130 577 γιγνομενον.
1187 485 1266 552 ὃν
1291 487 1412 570 μὲν
1437 491 1670 551 τοίνυν
1691 485 1942 566 τρόπον
1966 489 2034 552 οἱ
2057 490 2284 551 ταλαί-

378 619 592 677 πωροι
617 600 865 666 Φωκεῖς
887 586 1343 668 ἀπολώλασιν,
1390 582 1472 649 οὐ
1510 583 1723 667 μόνον
1757 586 1825 647 ἐκ
1860 590 1995 647 τῶν
2032 581 2285 666 δόγμα-

290 718 360 771 65
378 720 513 759 των
537 690 791 759 τούτων
813 692 988 753 ἔστιν
1013 690 1209 767 ἰδεῖν,
1256 679 1423 748 ἄλλα
1447 684 1555 746 καὶ
1580 683 1651 745 ἐκ
1685 705 1821 745 των
1855 684 2068 762 ἔργων
2104 677 2147 743 ὁ(
2168 681 2287 744 πέ-

380 815 683 873 πρακται,
708 789 928 870 θέαμα
956 784 1199 859 δεινὸν,
1229 808 1279 847 ω
1305 780 1543 863 ἄνδρες
1557 776 1931 861 Ἀθηναῖοι,
1956 779 2064 841 καὶ
2088 781 2286 843 ἐλεει-

377 887 531 954 νόν·
580 885 689 953 ότε
708 883 835 968 γὰρ
862 888 992 948 νῦν
1017 879 1478 964 ἐπορευόμεθα
1505 883 1592 952 εἰς
1613 874 1958 958 Δελφοὺς,
1987 870 2108 951 έξ’
2074 873 2286 956 αναγ-

376 1012 495 1070 κης
516 977 604 1068 ἦν
630 979 799 1065 ὁρᾶν
820 979 979 1066 ἡμῖν
1006 979 1220 1044 πάντα
1245 982 1472 1058 ταῦτα,
1500 979 1706 1049 οἰκίας
1729 974 2282 1053 κατεσκαμμένας,

376 1089 549 1166 τείχη
576 1081 1054 1165 περιῃρημένα,
1082 1075 1305 1159 χώραν
1330 1079 1576 1157 ἔρημον
1598 1097 1733 1136 των
1759 1074 1829 1135 έν
1862 1067 2119 1187 ἡλικία,
2160 1066 2286 1150 γύ-

376 1209 533 1247 ναια
560 1179 629 1245 δε
651 1181 760 1243 καὶ
783 1175 1098 1257 παιδαρια
1125 1172 1314 1254 ὀλίγα
1354 1174 1465 1236 καὶ
1490 1166 1861 1252 πρεσβύτας
1884 1163 2287 1246 ανθρωπους

378 1275 714 1361 οἰκτροὺς,
762 1270 908 1340 οὐδ’
938 1299 1025 1337 αν
1062 1279 1154 1347 εἰς
1178 1265 1436 1334 δύναιτ’
1467 1268 1817 1350 ἐφικέσθαι
1837 1289 1924 1329 τω
1952 1264 2125 1350 λόγω
2151 1287 2287 1327 των

378 1382 514 1444 ἐκεῖ
530 1381 760 1441 κακῶν
784 1379 913 1437 νῦν
938 1369 1153 1437 ὅντων
1172 1395 1184 1406 ·
1218 1366 1383 1433 ἄλλα
1408 1365 1538 1450 μὴν
1563 1364 1662 1430 ὅτι
1687 1363 1808 1447 τὴν
1832 1366 2140 1430 ἐναντίαν
2162 1384 2287 1426 πο·-

379 1476 450 1542 τὲ
477 1478 790 1557 Θηβαίοις
828 1477 1059 1552 ψῆφον
1097 1474 1331 1533 ε’θεντο
1360 1458 1546 1531 οὗτοι
1572 1464 1718 1546 περὶ
1740 1461 1927 1547 ἡμων
1959 1459 2127 1544 ὑπερ
2166 1457 2288 1524 ἀν·-

383 1575 846 1658 δραποδισμοῦ
870 1575 1343 1649 προτεθεῖσαν,
1387 1560 1580 1646 ὑμων
1625 1567 1827 1644 ἔγωγε
1865 1558 2089 1624 οἷκούω
2116 1583 2288 1622 παν-

293 1699 362 1752 66
379 1699 530 1739 των.
599 1665 712 1734 τιν’
744 1695 830 1732 αν
876 1691 1002 1731 ουν
1044 1673 1302 1746 οἴεσθε,
1351 1689 1401 1726 ω
1445 1660 1681 1744 ἄνδρες
1721 1657 2089 1741 Ἀθηναῖοι,
2133 1657 2288 1730 τοὺς

379 1770 759 1856 προγόνους
780 1764 992 1849 ὑμων,
1020 1768 1079 1828 εἰ
1100 1762 1369 1846 λαβοιεν
1398 1768 1745 1842 αἰσθησιν,
1791 1763 2022 1839 ψῆφον
2044 1750 2085 1835 ἢ
2109 1751 2286 1834 γνω’-
2306 1760 2409 1813 362

379 1898 512 1955 μην
535 1871 786 1934 θέσθαι
809 1865 959 1947 περι
978 1888 1116 1926 των
1140 1865 1365 1924 αἰτίων
1387 1863 1508 1923 τοῦ
1532 1856 1788 1922 τούτων
1812 1849 2135 1931 ὀλέθρους
2161 1850 2286 1931 ε’,γω

381 1994 503 2054 μεν
526 1991 656 2051 γαρ
684 1961 862 2046 οἶμαι
885 1987 1016 2024 καν
1050 1955 1583 2029 καταλεύσαντας
1608 1949 1849 2026 αὐτους
1872 1962 2009 2024 ταῖς
2034 1950 2295 2013 ἑαυτων-

378 2067 562 2152 χερσὶ
597 2058 944 2141 καθαροὺς
982 2064 1254 2123 ἔσεσθαι
1290 2058 1592 2135 νομίζειν.
1658 2073 1796 2125 πως
1831 2074 1959 2133 γαρ
1985 2046 2107 2112 οὐκ
2144 2051 2289 2110 αἰσ-
2371 2115 2373 2117 ‚

377 2162 576 2250 χρὸν,
621 2169 878 2247 μᾶλλον
905 2156 966 2222 δ’
994 2166 1180 2230 εἴτις
1215 2159 1390 2218 ε’στιν
1436 2147 1768 2234 ὑπερβολὴ
1815 2171 2089 2226 τουτου,
2134 2170 2290 2219 τους

380 2261 752 2337 σεσωκότας
774 2256 957 2344 ἡμᾶς
969 2255 1116 2322 τότε
1141 2253 1249 2318 καὶ
1271 2251 1391 2334 τὴν
1416 2250 1756 2326 σωζουσαν
1778 2247 1925 2328 περὶ
1946 2242 2138 2328 ἡμων
2161 2250 2291 2323 ψῆ-

384 2389 518 2448 φον
540 2363 893 2444 θεμένους,
930 2352 1208 2426 τούτους
1243 2376 1379 2413 των
1402 2351 1720 2413 ἐναντίων
1742 2342 2160 2465 τετυχηκέναι
2185 2337 2289 2401 δια

382 2460 700 2543 τούτους,
746 2460 857 2522 καὶ
889 2458 1274 2534 περιωφθαι
1307 2470 1580 2511 τοιαυτα
1602 2438 2021 2516 πεπονθότας
2045 2431 2148 2503 οἷα
2172 2432 2292 2500 οὐ·

385 2563 570 2636 δένες
614 2557 803 2622 α’λλοι
849 2577 984 2617 των
1021 2546 1387 2631 Ελλήνων;
1436 2549 1531 2619 τίς
1566 2532 1692 2606 οὖν
1725 2537 1758 2605 ὁ
1783 2564 2038 2605 τουτων
2060 2544 2290 2611 αἴτιοςς
2315 2613 2318 2616 Δ

380 2663 475 2734 τίς
504 2654 537 2721 ὁ
566 2658 772 2720 ταῦτα
802 2653 1195 2735 φενακίσας;
1248 2669 1369 2726 ουχ
1393 2632 1616 2716 οὗτοςς

553 2750 780 2819 Πολλὰ
802 2756 1033 2816 τοίνυν
1055 2773 1183 2828 τις,
1213 2771 1261 2808 ω
1291 2741 1530 2823 ἄνδρες
1549 2735 1920 2820 Ἀθηναῖοι,
1967 2738 2297 2798 Φίλιππον

383 2854 848 2935 ευδαιμονίσας
869 2856 983 2931 τῆς
1006 2848 1224 2927 τύχης,
1263 2840 1530 2915 εἰκότως
1564 2842 1759 2902 τοῦτο
1798 2830 2045 2918 μαλιστ’
2073 2826 2158 2895 α“ν
2182 2853 2297 2893 ευ-

383 2955 829 3034 δαιμονίσειεν
854 2969 1202 3024 απαντων,
1242 2966 1324 3005 ου
1349 2965 1437 3022 μα
1462 2962 1617 3012 τους
1640 2930 1844 3009 θεους
1867 2933 1973 2998 καὶ
1995 2955 2108 3005 τας
2129 2926 2297 3001 θεὰς

382 3048 506 3117 οὐκ
530 3052 651 3131 ἔχω
678 3048 893 3128 λέγειν
918 3047 1122 3126 ἔγωγε
1146 3038 1351 3104 αλλον
1374 3035 1552 3111 ὅστις
1584 3031 1936 3115 τετύχηκεν
1962 3025 2056 3111 ἐφ
2082 3023 2289 3110 ἡμων.

378 3147 452 3214 τὸ
475 3173 595 3230 μεν
619 3170 744 3228 γαρ
771 3142 996 3217 πόλεις
1030 3137 1318 3223 μεγαλας
1357 3135 1693 3218 εἰληφέναι
1727 3130 1835 3195 καὶ
1870 3126 2094 3211 χώραν
2129 3130 2293 3188 πολ-

378 3245 506 3362 λην
529 3242 639 3329 ὑίφ
670 3246 877 3329 ἑαυτῷ
898 3246 1301 3322 πεποιῆσθαι
1324 3235 1432 3300 καὶ
1455 3230 1667 3297 πάντα
1685 3246 1762 3294 τα
1791 3250 2061 3293 τοιαυτα
2087 3228 2290 3305 ζηλω.

377 3372 458 3410 τα
481 3347 607 3428 μέν
632 3344 842 3423 ἐστιν,
894 3335 1104 3420 οἶμαι,
1129 3337 1237 3401 καὶ
1259 3330 1555 3458 λαμπρά·
1598 3353 1734 3403 πως
1754 3352 1880 3410 γαρ
1908 3321 2019 3398 ου’;
2067 3325 2201 3436 ἔχοι
2226 3316 2286 3381 δ’
2318 3310 2320 3312 ’

289 3469 362 3522 68
380 3443 467 3508 ἄν
505 3468 602 3518 τις
641 3445 849 3506 εἰπεῖν
886 3435 1315 3518 πεπραγμένα
1360 3432 1469 3497 καὶ
1509 3430 1750 3510 ετέροις
1786 3427 2066 3495 πολλοῖς.
2153 3412 2291 3481 αλλ’

378 3547 590 3610 ἐκεῖνο
621 3550 652 3606 ἰ
648 3544 795 3606 διον
818 3537 925 3603 καὶ
952 3530 1178 3600 ουδενὶ
1191 3558 1335 3599 των
1372 3554 1641 3595 παντων
1677 3524 1855 3589 ἄλλω
1881 3512 2155 3601 γεγονὸς
2178 3539 2292 3579 ευ-
