2622 4065
399 323 526 385 332
825 330 965 384 XIX.
1029 328 1872 392 ΔΗΜΟΣΘΕΝΟΤΣ

402 503 543 560 τοις
557 489 821 606 ἔλεγςον,
845 490 1101 566 ἐκεῖθεν
1125 496 1402 553 εῖσεσθε.
1462 479 1682 573 ἐπειδὴ
1707 491 1835 573 γὰρ,
1861 479 2166 578 ἐκκλησία
2188 494 2310 580 μὲν

303 606 306 608 ·
401 579 627 647 οὐκέτ’
677 577 764 667 ἦν
805 582 1167 662 ὑπόλοιπος
1211 583 1486 670 οὐδεμία
1523 585 1630 652 διὰ
1663 586 1737 653 τὸ
1776 600 2311 676 προκατακεχρῆ·

403 689 600 764 σθαι,
650 704 833 746 ουτοι
868 678 929 746 δ’
971 679 1096 747 οὐκ
1131 680 1428 769 ἀπῇσαν,
1511 681 1660 750 ἀλλ’
1710 684 1920 753 αὐτοῦ
1964 691 2309 774 διέτριβον,

403 778 643 861 γράφω
686 782 992 863 ψήφισμα
1037 781 1417 864 βουλεύων,
1461 781 1583 866 τὴν
1631 783 1885 868 βουλὴν
1919 784 2314 869 ποιήσαντος

405 882 530 938 τοῦ
573 871 789 958 δήμου
832 882 1106 962 κυρίαν,
1150 876 1414 945 ἀπιέναι
1453 878 1610 967 τοὺς
1644 884 1944 966 πρέσβεις
1978 883 2100 966 τὴν
2131 890 2311 968 ταχί-

400 990 600 1056 στην,
636 974 755 1039 τὸν
781 974 852 1040 δὲ
874 974 1249 1058 στρατηγὸν
1267 978 1609 1058 Πρόξενον
1633 985 1919 1062 κομίζειν
1942 979 2185 1056 αὐτούς
2209 982 2311 1046 ἐπὶ

403 1069 562 1148 τοὺς
608 1073 885 1159 τόπους,
929 1078 1002 1139 ἐν
1047 1071 1141 1151 οἷς
1181 1071 1267 1141 ἂν
1298 1075 1461 1142 ὄντα
1499 1083 1827 1143 Φίλιππον
1865 1078 2310 1161 πυνθάνηται,

406 1169 664 1251 γράψας
691 1170 909 1254 ὥσπερ
936 1178 1065 1237 νῦν
1086 1177 1274 1256 λέγω,
1297 1187 1432 1249 τοῖς
1450 1174 1733 1259 ῥήμασιν
1753 1172 1960 1251 οὕτως
1979 1174 2306 1257 ἄντικρυς,
2333 1214 2336 1219 ·

407 1273 545 1332 Καί
560 1294 673 1352 μοι
695 1271 841 1351 λέγε
864 1276 1058 1335 τοῦτο
1082 1270 1156 1335 τὸ
1188 1271 1495 1354 ψήφισμα
1518 1270 1761 1355 λαβών.

1140 1444 1599 1504 ΨΗΦΙΣΜΑ.

289 1586 389 1636 155
571 1560 881 1628 Ἐνθένδε
900 1563 1022 1646 μὲν
1039 1568 1268 1628 τοίνυν
1287 1560 1530 1639 αὐτοὺς
1549 1562 1865 1644 ἐξήγαγον
1886 1559 2093 1637 οὕτως
2111 1560 2315 1626 ἄκον-

408 1685 544 1743 τας,
573 1658 661 1738 ὦς
683 1669 996 1744 καθαρῶς
1020 1656 1116 1738 οἷς
1138 1658 1295 1744 μετὰ
1321 1656 1498 1724 ταῦτ’
1524 1663 1793 1725 ἐποίουν
1814 1668 2091 1724 εἴσεσθε
2139 1662 2315 1724 ἐπει-

410 1755 489 1842 δὴ
527 1756 599 1823 δε
639 1754 1003 1842 ἀφικόμεθ
1042 1764 1131 1834 εἰς
1147 1755 1382 1838 ,Ωρεὸν
1417 1759 1525 1822 καὶ
1559 1759 1994 1838 συνεμίξαμεν
2016 1780 2105 1840 τῳ
2130 1763 2314 1835 Προ-

410 1858 615 1942 ξένῳ,
657 1853 1100 1940 ἀμελήσαντες
1134 1857 1317 1922 οὑτοι
1350 1881 1470 1920 του
1508 1862 1693 1920 πλεῖν
1718 1855 1826 1918 καὶ
1847 1851 1926 1918 τά
1953 1871 2314 1935 προστετα-

408 1955 617 2038 γμένα
642 1979 951 2039 πραττειν
975 1953 1369 2038 ἐπορεύοντο
1394 1953 1639 2040 κύκλῳ,
1666 1955 1775 2017 καὶ
1798 1954 1954 2035 πρὶν
1975 1958 2064 2027 εἰς
2080 1958 2314 2016 Μακε-

409 2056 642 2118 δονίαν
666 2055 887 2119 ἐλθεῖν
904 2105 920 2137 ,
967 2067 1137 2135 τρεῖς
1170 2055 1279 2119 καὶ
1303 2062 1553 2119 εἴκοσιν
1575 2050 1821 2137 ἡμέρας
1844 2049 2280 2134 ἀνηλώσαμεν
2296 2077 2308 2092 ·

405 2146 520 2225 τάς
553 2149 625 2215 δὲ
663 2147 863 2227 ἄλλας
897 2151 1111 2228 πάσας
1133 2148 1475 2235 καθήμεθ’
1502 2154 1576 2217 ἐν
1599 2153 1815 2235 Πέλλῃ
1832 2200 1848 2232 ,
1896 2151 2053 2232 πρὶν
2075 2154 2312 2214 Φίλιπ-
2333 2160 2438 2213 390

406 2272 536 2313 πον
579 2250 835 2331 ἐλθεῖν,
882 2247 1011 2313 σὺν
1051 2245 1151 2325 αἷς
1195 2249 1657 2331 ἐπορεύθημεν
1701 2247 1874 2329 ὁμοῦ
1907 2239 2308 2327 πεντήκονθ’

286 2354 388 2407 156
409 2343 583 2420 ὅλας.
647 2349 719 2410 ἐν
745 2345 815 2411 δὲ
837 2346 1050 2432 τούτῳ
1075 2352 1444 2429 Δορίσκον,
1489 2345 1793 2429 Θρᾴκην,
1832 2343 1908 2408 τά
1935 2345 2039 2407 ἐπὶ
2060 2348 2310 2425 τειχῶν,

396 2439 606 2522 Ἱερὸν
627 2439 802 2526 ὅρος,
818 2440 1030 2507 πάντα
1049 2441 1127 2507 τὰ
1148 2442 1499 2526 πράγματα
1522 2445 1593 2506 ἐν
1620 2442 1844 2525 εἰρήνῃ
1867 2442 1975 2505 καὶ
1999 2442 2314 2513 σπονδαῖς

406 2538 555 2625 ᾔρει
578 2541 688 2605 καὶ
711 2543 1003 2625 διῳκεῖτο
1030 2538 1063 2605 ὁ
1091 2545 1432 2623 Φίλιππος,
1460 2537 1670 2606 πολλοὶ
1692 2543 1996 2622 λέγοντος
2021 2540 2183 2621 ἐμοῦ
2206 2537 2314 2600 καὶ

405 2646 828 2720 θρυλοῦντος
852 2636 982 2724 ἀεὶ,
1020 2637 1091 2704 τὸ
1119 2639 1238 2722 μὲν
1259 2647 1525 2723 πρῶτον
1552 2635 1637 2715 ὡς
1661 2633 1746 2702 ἀν
1771 2642 1860 2713 εἰς
1884 2633 2114 2701 κοινὸν
2137 2631 2315 2716 γνώ-

406 2762 538 2819 μην
561 2733 1108 2819 ἀποφαινομένου
1125 2788 1141 2819 ,
1166 2735 1327 2820 μετὰ
1350 2744 1556 2802 ταῦτα
1582 2734 1642 2801 δ’
1674 2734 1757 2810 ὥς
1781 2733 2190 2816 ἀγνοοῦντας
2215 2735 2316 2794 δι-

411 2833 776 2908 δάσκοντος
792 2883 807 2914 ,
851 2842 1289 2910 τελευτῶντος
1336 2838 1403 2899 δὲ
1451 2831 1536 2910 ὡς
1581 2829 1665 2899 ἂν
1702 2832 1864 2915 πρὸς
1900 2827 2316 2913 πεπρακότας

412 2927 659 3006 αὐτούς
683 2933 791 2995 καὶ
814 2928 1299 3006 ἀνοσιωτάτους
1323 2929 1732 3013 ἀνθρώπους
1758 2925 1954 2992 οὐδὲν
1988 2922 2315 2990 ὑποστελ-

288 3039 390 3093 157
410 3030 715 3110 λομένου.
788 3024 822 3091 ὁ
851 3026 921 3093 δὲ
941 3026 1196 3103 τούτοις
1220 3025 1582 3109 ἀντιλέγων
1605 3032 1910 3109 φανεραῖς
1934 3024 2044 3090 καὶ
2067 3019 2315 3086 ἅπασιν
2428 3091 2434 3096 ,

408 3124 915 3208 ἐναντιούμενος
950 3121 1045 3202 οἷς
1081 3131 1309 3207 ἔλεγον
1346 3124 1468 3209 μὲν
1504 3121 1628 3243 ἐγῳ
1648 3174 1665 3207 ,
1710 3121 2028 3206 ἐψήφιστο
2073 3119 2144 3185 δὲ
2186 3114 2308 3201 ὑφ’
2353 3181 2356 3183 ι

407 3218 619 3306 ὑμων,
647 3225 841 3299 οὗτος
863 3216 967 3307 ἦν.
1019 3228 1078 3289 εἰ
1098 3223 1168 3289 δε
1198 3225 1308 3289 καὶ
1331 3229 1533 3288 πᾶσιν
1554 3220 1791 3307 ἤρεσκε
1813 3226 2019 3284 ταῦτα
2039 3230 2173 3292 τοῖς
2196 3214 2313 3278 ἅλ-

408 3329 548 3397 λοις
571 3323 943 3446 πρέσβεσιν,
968 3318 1201 3386 αὐτίκα
1226 3331 1514 3387 εἴσεσθε·
1550 3316 1675 3403 ἐγω
1701 3345 1820 3403 μεν
1839 3315 1965 3400 γὰρ
1991 3312 2188 3380 ουδέν
2212 3333 2314 3375 πω

408 3421 578 3502 λέγω
603 3420 753 3502 περὶ
776 3416 1053 3494 οὐδενὸς
1078 3416 1222 3483 οὐδ’
1262 3426 1597 3503 αἰτιωμαι,
1644 3413 1794 3483 ουδ’
1822 3403 2301 3495 ἀναγκασθέντ’

407 3514 635 3584 αὐτων
660 3515 908 3585 ουδένα
933 3521 1036 3581 δεῖ
1052 3521 1272 3582 δοκεῖν
1296 3514 1582 3601 χρηστὸν
1606 3514 1770 3579 εἶναι
1788 3512 2104 3596 τήμερον,
2150 3505 2317 3574 ἀλλά
