2622 4065
541 340 798 398 ΠΕΡΙ
863 339 1073 398 ΤΗΣ
1126 341 2046 407 ΠΑΡΑΠΡΕΣΒΕΙΑΣ.
2127 349 2251 410 385

351 496 518 580 πρὸς
543 495 605 563 6'
631 497 802 582 ὑμᾶς
823 508 991 581 ἴσον,
1011 497 1229 580 ω’σπερ
1259 499 1383 582 ἐγω
1403 509 1733 569 Φίλιππον
1756 508 1880 588 μὲν
1903 506 2026 572 οὐκ
2046 510 2250 574 ἐθαύ-
2270 537 2376 592 450
2398 538 2400 540 ·

350 616 556 680 μασα,
602 623 756 673 τους
786 596 847 662 δ’
875 598 1325 720 αἰχμαλώτους
1348 603 1729 686 ἐθαύμασα,
1778 611 2026 690 ἔσωσα,
2055 605 2252 673 οὐδὲν

265 732 268 733 ⁷
346 690 845 779 υπεστειλοὲμην.
914 722 1107 772 ουτος
1145 695 1207 761 δ’
1249 701 1506 764 ἐκείνου
1542 701 1664 783 μὲν
1696 701 2250 786 προύκαλινδεῖτο

158 782 160 784 ,
210 794 326 869 *339
345 794 453 858 και
474 818 629 869 τους
652 817 932 870 παιανας
954 787 1147 878 ᾖδεν,
1173 793 1366 878 ὑμῶν
1391 796 1450 862 δ
1481 797 1844 883 ὑπερεώρα.
1905 808 1998 868 ἔτι
2018 810 2252 870 τοίνυν

343 886 504 954 ὅταν
537 895 657 973 μὲν
690 896 867 975 ἴδητε
907 894 1247 976 δεινότητα
1282 891 1326 978 ἢ
1350 893 1689 978 εὐφωνίαν
1719 898 1764 982 ἤ
1783 925 1844 964 τι
1865 908 2001 966 τῶν
2026 900 2250 968 ἄλλων

286 1024 290 1029 -
339 996 475 1052 τῶν
494 989 815 1054 τοιούτων
834 988 1112 1073 ἀγαθῶν
1135 994 1236 1057 ἐπὶ
1254 1003 1544 1076 χρηστοῦ
1562 999 1667 1060 καὶ
1690 1004 2039 1081 φιλοτίμου
2060 1025 2250 1082 γεγε-

340 1088 632 1169 νημένον
656 1084 1046 1171 ἀνθρώπου,
1079 1098 1457 1174 συγχαίρειν
1478 1094 1587 1158 καὶ
1613 1110 1969 1160 συνασκεῖν
1995 1120 2248 1174 παντας

341 1187 464 1248 δεῖ·
513 1182 744 1251 κοινὸν
777 1210 905 1268 γαρ
944 1183 1102 1268 υμῖν
1140 1208 1298 1252 πασι
1331 1204 1465 1265 τοις
1501 1189 1719 1267 ἄλλοις
1753 1190 1938 1257 τοῦτ’
1981 1192 2238 1286 αγαθότ

335 1287 655 1362 γίγνεται
693 1280 852 1347 όταν
879 1281 931 1347 δ’
955 1286 1056 1348 ἐπὶ
1081 1286 1462 1367 δωροδόκου
1486 1292 1594 1354 καὶ
1619 1300 1919 1374 πονηροῦ
1940 1296 2047 1357 καὶ
2073 1317 2247 1358 παν-

331 1377 443 1452 τὸς
459 1376 730 1461 ήττονος
748 1380 1102 1465 λήμματος,
1122 1380 1494 1450 αποκλειέιν
1515 1389 1623 1453 καὶ
1647 1411 1895 1470 πικρως
1919 1394 2028 1455 καὶ
2051 1417 2246 1457 εναν-

331 1482 482 1551 τίως
517 1472 818 1548 ακούειν
868 1505 954 1554 ως
989 1490 1272 1563 πονηρία
1309 1485 1653 1566 δυναμεως
1695 1486 1894 1564 δόξαν
1920 1486 2241 1575 εὑρομένη

209 1597 314 1649 340
334 1596 466 1655 παρ
521 1569 713 1654 υμων
739 1576 839 1638 ἐπὶ
860 1574 983 1658 τὴν
1007 1576 1203 1642 πόλιν
1227 1581 1419 1646 ἐστιν
1492 1579 1688 1664 ὁρᾶτε
1715 1582 1800 1667 δ’,
1849 1584 1972 1668 αφ’
2001 1614 2099 1652 ων
2120 1584 2242 1654 οὗ-

331 1696 440 1745 τος
464 1669 827 1755 εὐδοκιμεῖ,
871 1680 1110 1756 πηλίκα
1144 1685 1225 1760 τῇ
1247 1683 1435 1743 πόλει
1459 1684 1841 1766 περιέστηκε
1865 1684 2233 1768 πράγματα.

328 1772 402 1830 αι
421 1793 541 1849 μεν
562 1776 793 1832 τοίνυν
817 1767 1006 1834 ἄλλαι
1031 1772 1342 1851 δύναμεις
1364 1777 1662 1853 ἐπιεικως
1683 1786 1848 1844 εισιν
1868 1778 2237 1868 αὐταρκεις,

326 1860 365 1945 ἡ
393 1864 461 1929 δε
484 1890 604 1928 του
629 1868 877 1948 λέγειν,
926 1863 1010 1933 ἄν
1031 1896 1110 1935 τα
1136 1871 1292 1954 παρ’
1323 1872 1515 1956 υμῶν
1538 1903 1676 1942 των
1701 1877 2092 1947 ακουόντων
2112 1911 2233 1949 αν-

325 1971 510 2049 τιστῇ
523 2013 540 2045 ,
567 1964 995 2031 διακόπτεται.
1046 1968 1255 2047 οὕτως
1280 1977 1408 2039 οὐν
1431 1971 1704 2043 ακούετε
1729 1978 1973 2045 τούτου
1999 2008 2088 2058 ως
2110 2007 2235 2048 πο-

319 2069 534 2144 νηροῦ
558 2065 666 2127 καὶ
689 2065 1074 2147 δωροδόκου
1096 2073 1203 2133 και
1231 2067 1412 2136 οὐδ”
1387 2081 1613 2139 οτιοῦν
1634 2077 1948 2160 ε’ρουντος
1968 2078 2228 2164 αληθές.

200 2169 303 2237 341
474 2157 613 2224 Ὀτι
660 2159 718 2225 δ’
760 2162 842 2227 ού
879 2165 1090 2250 μόνον
1124 2194 1287 2234 κατα
1325 2171 1562 2255 ταλλα,
1612 2172 1777 2241 αλλα
1812 2179 1922 2243 καὶ
1953 2205 2033 2243 τα
2066 2178 2232 2259 πρὸς

323 2254 528 2322 αὐτὸν
568 2261 688 2324 τὸν
733 2268 1457 2364 Φιλιῃτον-πραγματα
1503 2297 1846 2358 πανταχως
1907 2281 2232 2360 συμφέρει

319 2358 587 2420 τουτονὶ
624 2350 981 2443 ἡλωκέναι,
1028 2365 1393 2432 θεασασθε
1464 2379 1590 2435 εἴτε
1623 2399 1750 2455 γαρ
1786 2372 1924 2457 ἥξει
1958 2376 2115 2442 ποτε
2140 2383 2232 2454 εἰς

319 2449 617 2534 ανάγκην
652 2481 788 2519 των
828 2462 1101 2524 δικαίων
1133 2489 1194 2525 τι
1222 2480 1438 2529 ποιειν
1460 2475 1542 2552 τῇ
1564 2468 1784 2552 πόλει,
1831 2470 1952 2537 τὸν
1975 2473 2227 2555 τρόπον

317 2548 784 2632 μεταθήσεται·
835 2562 966 2619 νῦν
1001 2582 1121 2638 μεν
1156 2585 1281 2641 γαρ
1318 2559 1553 2679 ήρηται
1587 2591 1744 2642 τους
1766 2569 2055 2647 πολλους
2080 2577 2248 2649 ἐξα-’

315 2667 540 2710 πατων
575 2644 838 2730 ὀλίγους
874 2657 1308 2741 θεραπεύειν
1359 2686 1443 2723 αν
1481 2660 1552 2726 δε
1574 2665 1854 2740 τούτους
1878 2665 2226 2734 ἀπολωλό-

68 2898 70 2900 ,
133 2842 291 2914 442
314 2864 393 2905 τα
417 2842 610 2909 λοιπα
635 2860 849 2911 ποιεῖν
870 2850 1281 2934 βουλήσεται.
1352 2854 1467 2921 εἴτ’
1500 2859 1602 2924 ἐπὶ
1622 2867 1738 2943 τῆς
1772 2859 1976 2946 αυτῆς
2009 2857 2221 2949 ἧσπερ
2284 2941 2287 2943 ‚

111 2930 120 2939 ‘
312 2946 444 3003 νῦν
467 2943 761 3020 ἐξουσίας
784 2948 891 3011 καὶ
915 2945 1251 3031 ασελγειας
1276 2969 1489 3038 μενεῖ,
1514 2958 1670 3035 τοὺς
1694 2955 1922 3026 ὁτιοῦν
1945 2990 2031 3028 αν
2056 2968 2226 3032 ἐκεί-

309 3059 404 3098 νω
429 3038 831 3121 ποιήσαντας
852 3042 1251 3131 ανῃρηκότες
1281 3077 1351 3117 εκ
1385 3061 1498 3137 τῆς
1534 3056 1788 3133 πόλεως
1821 3064 2088 3143 ἔσεσθε,
2136 3059 2224 3129 ἂν

258 3169 260 3171 -
305 3132 582 3212 τούτους
603 3135 905 3224 ανέλητε·
931 3151 997 3209 οἳ
1014 3172 1139 3228 γαρ
1165 3149 1459 3232 οἰόμενοι
1480 3157 1671 3237 δίκην
1687 3153 1955 3239 υφέξειν
1973 3157 2219 3226 τοιαῦτ’

307 3233 627 3318 ἔπραξαν,
653 3237 931 3316 τούτους
948 3293 965 3323 ,
1006 3238 1092 3307 ὅίν
1116 3244 1195 3310 τὰ
1218 3246 1377 3329 παρ’
1407 3247 1602 3333 ὑμων
1626 3251 1851 3333 αὐτοῖς
1876 3261 2092 3343 ἐφεθῇ
2106 3309 2124 3341 ,
2162 3266 2229 3326 τί
2242 3273 2343 3333 451

89 3395 96 3403 ,,
305 3339 528 3395 οἰεσθε
574 3335 905 3419 ποιήσεως
952 3356 1145 3407 ποῖον
1179 3343 1669 3434 Ευθυκροὶτην,
1718 3368 1912 3420 ποῖον
1949 3361 2223 3422 Λασθέ-

61 3445 66 3450 ’
93 3443 99 3463 ³
175 3441 275 3495 ³43
300 3451 446 3511 νην,
463 3428 580 3494 τίν’
598 3429 718 3515 οὐχ
743 3430 1264 3520 υπερβαλεῖσθαι
1288 3446 1659 3532 προδότην;
1685 3457 1832 3515 τίνα
1857 3449 1910 3513 δ’
1941 3450 2023 3516 οὐ
2045 3476 2219 3519 παν-

296 3549 431 3667 τωέ
451 3533 588 3590 τῶν
604 3525 833 3680 ξὶλλωιν
865 3540 1061 3619 χείρω
1097 3546 1375 3625 πολίτην
1396 3541 1715 3628 υποέρξειν
1728 3597 1747 3630 ,
1796 3545 2056 3631 ὁρῶντα
2078 3567 2216 3630 τοῖς

434 3628 599 3670 emost
700 3626 776 3674 Vo
839 3629 881 3677 Ι
1830 3646 1897 3697 25
