2622 4065
723 285 972 390 ΠΕΡ]
1023 330 1219 389 ΤΟΥ
1256 292 1852 393 ΣΤΕΦΑΝΟΤ.
2099 333 2224 396 265
2258 421 2264 423 ..

316 497 651 574 αγγελίας,
688 489 901 554 πάντα
941 489 1126 555 ταῦτ’
1155 490 1538 572 ἐπαγόντων
1558 519 1705 576 μοι,
1755 492 1836 559 ού
1864 491 1939 559 δι’
1969 495 2221 558 ἑαυτῶν

315 589 392 654 τό
417 614 493 672 γε
517 595 800 673 πρῶτον,
819 583 984 653 ἄλλα
1009 584 1081 652 δι’
1116 579 1211 653 οἷν
1231 587 1495 670 μάλισθ’
1525 587 2004 675 ὑπελάμβανον
2018 589 2223 673 ἀγνο-

313 686 599 769 ήσεσθαι
626 693 789 771 (ἴστε
822 711 949 767 γαρ
988 681 1201 769 δήπου
1227 686 1337 750 καὶ
1359 686 1753 806 μέμνησθε
1727 686 1828 753 ότι
1853 688 2011 765 τοὺς
2036 688 2222 772 προό-

312 807 465 903 τους
507 782 786 866 χρόνους
840 806 1005 846 κατα
1061 779 1184 866 τὴν
1225 778 1478 865 ἡμέραν
1534 784 1817 869 ἑκάστην
1862 785 2220 870 ἐκρινόμην

313 879 461 962 ἐγὼ,
507 882 616 944 καὶ
655 875 799 944 οὔτ’
824 875 1104 943 ἀπόνοια
1139 882 1561 955 Σωσικλέους
1606 880 1757 945 ούτε
1801 890 2219 965 συκοφαντία

310 975 762 1058 Φιλοκράτους
791 972 942 1040 ούτε
977 976 1293 1040 Διεόνδου
1317 980 1428 1041 καὶ
1450 979 1813 1043 Μελαντου
1838 986 2037 1062 μανία
2066 979 2213 1046 οὔτ’

305 1069 462 1137 α’λλ’
474 1070 674 1137 οὐδὲν
697 1070 1053 1153 απείρατον
1076 1065 1163 1194 ἦν
1185 1073 1442 1150 τούτοις
1464 1101 1585 1139 κατ
1596 1074 1824 1160 ’ἐμοῦ)
1842 1127 1859 1160 ,
1890 1080 1962 1142 ἐν
1984 1083 2216 1141 τοίνυν

305 1170 562 1245 τούτοις
586 1177 745 1234 πασι
770 1169 1047 1252 μαλιστα
1082 1168 1202 1253 μὲν
1227 1168 1332 1235 δια
1356 1197 1509 1249 τους
1532 1171 1735 1251 θεους
1746 1224 1766 1255 ,
1799 1174 2112 1255 δεύτερον
2142 1174 2217 1240 δὲ

308 1265 386 1330 δι’
406 1264 576 1350 ὑμᾶς
593 1270 702 1333 καὶ
724 1268 881 1344 τοὺς
903 1267 1143 1345 ἄλλους
1163 1265 1552 1352 Ἀθηναίους
1579 1272 1928 1356 ἐσωζόμην.
1994 1277 2210 1336 δικαί-

305 1389 391 1439 ως
408 1389 420 1401 ·
467 1372 660 1430 τοῦτο
683 1365 809 1449 γαρ
835 1368 942 1430 καὶ
965 1364 1206 1448 ἀληθές
1229 1369 1485 1433 ἐστικαὶ
1509 1367 1674 1450 ὑπὲρ
1702 1377 1835 1435 τῶν
1858 1368 2210 1453 ὀμωμοκό-

88 1504 91 1505 ⁷
184 1493 285 1544 250
302 1483 434 1525 των
461 1463 569 1525 καὶ
591 1462 895 1543 γνόντων
917 1460 995 1525 τὰ
1021 1463 1266 1543 εὔορκα
1295 1469 1637 1530 δικαστῶν.
1710 1465 1965 1531 οὐκοῦν
1992 1470 2062 1531 ἐν
2086 1467 2209 1548 μὲν

305 1553 400 1633 οἷς
425 1559 955 1642 εἰσηγγελλόμην,
984 1556 1082 1622 ὅτ’
1113 1557 1608 1643 ἀπεψηφίζεσθέ
1626 1589 1756 1645 μου
1784 1566 1893 1628 καὶ
1914 1562 1986 1628 τὸ
2013 1565 2210 1645 μέρος

304 1662 439 1719 τῶν
465 1654 711 1738 ψήφων
736 1669 869 1730 τοῖς
894 1655 1248 1720 διώκουσιν
1273 1656 1354 1721 οὐ
1378 1663 1776 1742 μετεδίδοτε,
1801 1658 1939 1725 τότ’
1964 1663 2210 1744 ἐψηφί-

302 1756 493 1828 ζεσθε
518 1751 594 1815 τοὶ
625 1751 861 1833 ἄριστά
896 1778 975 1834 με
1015 1754 1353 1836 πράττειν·
1422 1760 1494 1821 ἐν
1537 1754 1634 1833 οἷς
1675 1758 1744 1823 δὲ
1784 1758 1899 1834 τὰς
1944 1757 2209 1841 γραφὰς

304 1845 705 1930 ἀπέφευγον,
732 1853 977 1930 ἔννομα
1000 1851 1107 1913 καὶ
1131 1850 1415 1933 γράφειν
1438 1855 1542 1916 καὶ
1566 1857 1780 1935 λέγειν
1809 1852 2205 1919 ἀπεδεικνύ-

302 1971 463 2028 μην·
512 1949 583 2010 ἐν
618 1941 712 2020 οἶς
748 1943 817 2009 δε
849 1972 969 2021 τας
1011 1945 1306 2023 εὐθύνας
1338 1953 1891 2032 ἐπεσημαίνεσθε,
1939 1957 2206 2026 δικαίως

298 2045 408 2107 και
432 2042 946 2126 αδωροδοκήτως
971 2044 1186 2109 πάντα
1219 2054 1604 2129 πεπρᾶχθαί
1631 2073 1743 2130 μοι
1767 2058 2203 2131 προσωμολο-

299 2151 484 2220 γεῖτε.
529 2138 784 2204 τούτων
808 2144 932 2205 οὐν
960 2141 1168 2216 οὕτως
1194 2143 1478 2224 ἐχόντων
1500 2150 1563 2208 τί
1581 2153 1916 2227 προσῆκεν
1941 2146 1985 2228 ὴ
2006 2152 2072 2210 τί
2101 2150 2204 2210 δί-

300 2260 490 2300 καιον
511 2229 596 2318 ἦν
618 2250 749 2311 τοῖς
771 2234 889 2300 ὑπ’
914 2241 1075 2321 ἐμοῦ
1101 2242 1582 2323 πεπραγμένοις
1602 2246 1853 2306 θέσθαι
1874 2240 1992 2306 τὸν
2017 2249 2202 2357 Κτη-

299 2340 594 2414 σιφωντα
618 2330 849 2414 ὄνομα,
877 2331 997 2415 οὐχ
1021 2332 1057 2398 ὃ
1079 2334 1195 2401 τὸν
1220 2339 1488 2419 δῆμον
1458 2363 1628 2420 εωρα
1655 2341 2039 2421 τιθέμενον,
2078 2364 2201 2420 ουχ

296 2424 336 2493 ὃ
355 2454 509 2505 τους
533 2427 957 2512 ομωμοκότας
982 2432 1321 2516 δικαστας,
1369 2432 1487 2517 οὐχ
1514 2431 1552 2498 ὃ
1574 2433 1696 2518 τὴν
1724 2434 2050 2519 ἀληθειαν
2073 2460 2203 2500 πα·-

296 2523 379 2604 ρὰ
403 2533 561 2589 πᾶσι
587 2533 1019 2608 βεβαιοῦσανς

169 2660 271 2710 251
461 2622 614 2703 Ναὶ,
645 2624 877 2703 φησὶν,
905 2620 1072 2686 ἀλλὰ
1097 2621 1168 2687 τὸ
1199 2632 1319 2687 τοῦ
1340 2627 1662 2707 Κεφάλου
1687 2627 1925 2712 καλὸν,
1972 2629 2046 2693 τὸ
2073 2656 2204 2711 μη-

296 2720 526 2798 δεμίαν
550 2715 818 2799 γραφὴν
843 2731 1098 2799 φυγεῖν.
1159 2723 1268 2784 καὶ
1291 2722 1372 2803 νὴ
1404 2719 1514 2786 Δί’
1546 2722 1865 2806 εὔδαιμόν
1888 2750 1980 2806 γε.
2030 2724 2198 2790 ἀλλὰ

293 2818 359 2877 τί
374 2819 626 2895 μᾶλλον
649 2810 682 2879 ὁ
711 2814 1025 2889 πολλάκις
1050 2815 1168 2897 μὲν
1193 2814 1435 2898 φυγών
1454 2868 1472 2900 ,
1499 2822 1930 2902 μηδεπώποτε
1969 2820 2030 2886 δ’
2063 2826 2200 2900 ἐξε-
2218 2837 2323 2891 311

292 2912 586 2991 λεγχθεὶς
619 2907 868 2974 αδικων
906 2913 976 2975 ἐν
1013 2912 1363 2995 ἐγκληματι
1410 2912 1688 2997 γίγνοιτ
1727 2944 1813 2982 αν
1858 2919 1963 2983 δια
2000 2928 2199 2986 τοῦτο

294 3008 585 3080 δικαίως;
634 3014 844 3071 καίτοι
870 3006 1032 3090 πρός
1052 3034 1124 3090 γε
1142 3035 1402 3095 τουτον,
1430 3010 1668 3094 ἄνδρες
1706 3012 2063 3101 Ἀθηναῖοι,
2090 3021 2202 3084 καὶ

288 3098 361 3164 τὸ
388 3107 511 3164 τοῦ
545 3103 866 3182 Κεφαλου
894 3104 1102 3169 καλὸν
1137 3113 1345 3172 εἰπεῖν
1370 3113 1505 3173 ἔστι
1529 3136 1656 3192 μοι
1696 3110 2046 3232 ουδεμιαν
2068 3116 2198 3233 γὰρ

290 3192 538 3260 πώποτ’
569 3196 897 3278 ἐγράψατό
935 3227 1016 3283 με
1056 3201 1201 3268 οὐδ
1231 3207 1454 3282 ἐδίωξε
1492 3207 1796 3295 γραφὴν,
1847 3210 2015 3279 ω’στε
2065 3211 2196 3278 ὑπὸ

291 3301 416 3359 σοῦ
436 3319 511 3377 γε
550 3293 974 3381 ωμολογημαι
1009 3305 1212 3385 μηδὲν
1249 3301 1416 3370 εἶναι
1447 3331 1568 3371 του
1607 3309 1927 3393 Κεφαλου
1960 3316 2199 3395 χείρων

289 3399 570 3476 πολίτης.

163 3500 265 3553 252
451 3492 886 3575 Πανταχόθεν
915 3495 1039 3578 μὲν
1070 3502 1301 3563 τοίνυν
1338 3499 1426 3565 ἄν
1448 3526 1546 3578 τις
1580 3506 1709 3568 ἴδοι
1742 3500 1865 3586 τήν
1888 3500 2198 3587 ἄγνωμο-
