2622 4065
411 294 537 355 226
834 302 1031 360 XVIII.
1094 302 1930 373 ΔΗΜΟΣΘΕΝΟΤΣ

414 454 726 540 λογισμὸς
773 456 1086 524 ευθυνιῑὸν
1129 465 1239 526 καὶ
1281 467 1416 528 τῶν
1442 467 1882 542 ἐξετασόντων
1925 482 2324 564 προσδεῖται,

413 550 455 637 ἡ
482 554 552 619 δὲ
578 559 617 619 δ
622 582 792 637 ωρεα
812 559 1076 641 χάριτος
1099 563 1207 624 και
1232 562 1508 628 ἐπαίνου
1539 570 1757 632 δικαία
1781 572 1912 637 ἐστὶ
1935 575 2316 694 τυγχάνειν

291 657 395 708 114
418 653 647 739 διόπερ
671 654 848 720 ταυτ’
874 663 1158 740 ἔγραψεν
1185 655 1288 725 ὁδὶ
1314 662 1461 745 περὶ
1497 665 1696 746 ἐμοῦ·
1744 664 1842 733 ὅτι
1867 667 1926 735 δ’
1958 669 2133 737 οὕτω
2156 678 2319 738 ταῦ-

415 776 494 814 τα
521 750 602 815 οὐ
625 752 838 835 μόνον
860 758 932 819 ἐν
953 769 1089 831 τοῖς
1111 754 1359 840 νόμοις,
1397 758 1563 825 ἄλλα
1588 765 1698 828 καὶ
1731 767 1807 829 έν
1827 780 1960 844 τοῖς
1983 766 2322 852 ὑμετέροις

412 851 643 914 ἔθεσιν
669 848 961 936 ω’ρισται,
1001 854 1128 936 ἐγω
1163 858 1403 941 ῥᾳδίως
1426 862 1846 944 πολλαχόθεν
1869 869 2074 943 δείξω.
2135 892 2319 950 πρωτ-

411 970 531 1010 τον
566 973 688 1029 μεν
720 948 849 1032 γὰρ
883 957 1271 1035 Ναυσικλῆς
1306 966 1723 1043 στρατηγῶν,
1761 961 1859 1045 ἐφ’
1885 959 1982 1040 οἷς
2016 962 2143 1032 απὸ
2182 993 2318 1032 των

415 1047 604 1108 ἰδίων
626 1061 919 1129 προεῖτο,
959 1052 1269 1128 πολλακις
1308 1056 1824 1137 ἐστεφανωται
1787 1057 1896 1143 υφ’
1926 1057 2147 1144 ὑμων·
2190 1062 2313 1130 εἶθ’

413 1138 524 1207 ὅτε
547 1167 664 1216 τας
686 1139 968 1221 ασπίδας
989 1149 1308 1231 Διότιμος
1332 1155 1535 1217 ε’δωκε
1559 1157 1667 1220 καὶ
1692 1156 1891 1222 παλιν
1914 1164 2312 1244 Χαρίδημος,

407 1240 929 1322 ἐστεφανοῦντο·
982 1244 1103 1309 εἶθ’
1143 1245 1368 1313 οὑτοσι
1401 1252 1865 1337 Νεοπτόλεμος
1901 1263 2170 1324 πολλων
2206 1263 2315 1338 ε”ρ-

406 1363 550 1417 γων
586 1342 925 1426 επιστατης
952 1371 1079 1428 ων,
1121 1345 1217 1428 ἐφ’
1261 1341 1356 1423 οἷς
1399 1350 1718 1433 ἐπέδωκε,
1744 1358 2100 1473 τετίμηται.
2167 1358 2317 1439 σχέ-

407 1444 593 1502 τλιον
626 1464 753 1522 γαρ
792 1435 878 1504 α”ν
916 1451 1010 1525 εἴη
1045 1444 1243 1512 τοῦτό
1278 1471 1385 1527 γε,
1414 1453 1472 1511 εἰ
1491 1457 1584 1532 τῷ
1614 1476 1764 1513 τινα
1804 1447 2012 1534 αρχὴν
2048 1477 2315 1535 αρχοντι

407 1528 451 1614 ἢ
477 1536 733 1600 διδόναι
768 1545 850 1623 τῇ
886 1540 1073 1606 πόλει
1108 1567 1187 1605 τα
1223 1544 1466 1608 εαυτοῦ
1503 1543 1609 1610 δια
1635 1544 1756 1629 τὴν
1801 1545 2010 1631 αρχὴν
2049 1547 2137 1634 μὴ
2173 1553 2312 1629 ἐξέ-

408 1649 588 1715 σται,
626 1628 670 1716 ἠ
695 1641 832 1698 τεᾶν
870 1641 1211 1703 δοθέντων
1236 1638 1381 1706 αντὶ
1403 1651 1526 1709 τοῦ
1547 1651 1950 1726 κομίσασθαι
1982 1672 2174 1730 χαριν
2197 1644 2313 1713 51}-
2330 1665 2434 1717 265

284 1730 384 1782 115
406 1728 626 1806 θύνας
648 1729 893 1815 ὑφέξει.
939 1733 1081 1801 Ότι
1101 1743 1334 1804 τοίνυν
1356 1738 1545 1805 ταῦτ’
1575 1738 1798 1826 αληθῆ
1829 1746 2018 1827 λέγω,
2057 1749 2202 1826 λέγε
2226 1742 2308 1810 τοὶ

405 1830 792 1912 ψηφίσματα
838 1858 948 1914 μοι
987 1832 1066 1898 τα
1108 1836 1365 1911 τούτοις
1406 1841 1810 1922 γεγενημένα
1854 1837 2020 1905 αὐτοὶ
2059 1842 2306 1925 λαβών.

404 1928 569 2008 λέγε.

1127 2025 1595 2114 ’ΨΗΦΙΣΜΛ.

570 2155 823 2255 [’Ἀρχων
841 2158 1197 2258 Δημόνικος
1241 2163 1498 2245 Φλυευς,
1544 2167 2036 2247 βοηδρομιῶνος
2016 2168 2154 2266 έκτῃ
2188 2163 2301 2246 μετ’

483 2237 709 2319 εἰκαδα,
734 2238 938 2327 γνώμῃ
961 2250 1176 2324 βουλῆς
1199 2273 1300 2308 και
1340 2246 1548 2327 δήμου,
1578 2252 1767 2309 Kam'
1743 2275 1833 2320 ιας
1869 2245 2197 2329 Φρεαρριος
2222 2249 2304 2311 εἷ-

479 2347 589 2383 πεν
622 2320 709 2384 ότι
748 2330 915 2385 δοκεῖ
930 2334 1001 2409 τῇ
1025 2333 1214 2426 βουλῇ
1238 2332 1337 2390 καὶ
1357 2356 1440 2428 τῳ
1459 2328 1652 2431 δημῳ
1680 2337 2049 2431 στεφανῶσαι
2071 2338 2303 2393 Ναυσι-

479 2407 621 2467 κλέα
660 2403 761 2468 τὸν
801 2409 893 2468 ἐπι
932 2417 1049 2469 τῶν
1072 2406 1298 2489 όπλων,
1339 2410 1428 2473 ότι
1459 2394 1795 2490 Ἀθηναίων
1831 2408 2086 2475 οπλιτὸῧν
2121 2418 2300 2493 δισχι-

478 2493 620 2550 λίων
655 2486 843 2552 όντων
883 2493 945 2551 ἐν
971 2489 1192 2579 Ἴμβρω
1232 2521 1332 2555 και
1367 2497 1755 2575 βοηθουντων
1782 2505 1900 2569 τοῖς
1925 2504 2301 2558 κατοικοῦσιν

468 2566 809 2653 Αθηναίων
840 2569 950 2654 τὴν
985 2583 1196 2655 νῆσον,
1247 2573 1316 2639 οὗ
1369 2581 1696 2679 δυναμένου
1732 2582 2004 2652 Φίλωνος
2053 2588 2157 2642 τοῦ
2206 2580 2300 2641 ἔπι

470 2661 576 2734 τῆς
602 2655 945 2737 διοικήσεως
973 2684 1377 2755 κεχειροτονημ
1383 2664 1515 2723 ε’νου
1542 2658 1641 2723 δια
1661 2686 1796 2734 τους
1818 2669 2099 2762 χειμῶνας
2122 2671 2298 2725 πλεῦ-

471 2760 569 2799 σαι
593 2765 693 2800 και
718 2745 1146 2841 μισθοδοτῆσαι
1160 2768 1295 2815 τους
1310 2742 1564 2822 ὁπλίτας,
1581 2747 1643 2805 ἐκ
1655 2754 1758 2846 τῆς
1772 2749 1922 2817 ἰδίας
1938 2749 2138 2818 ουσιας
2155 2749 2295 2808 ε’δω-

472 2846 537 2882 κε
563 2823 662 2883 καὶ
687 2848 797 2884 ουκ
823 2825 1116 2904 εἰσέπραξε
1151 2822 1254 2885 τὸν
1281 2830 1488 2905 δῆμον,
1509 2829 1608 2887 καὶ
1634 2822 2027 2910 ἀναγορεῦσαι
2048 2853 2150 2889 τον
2174 2829 2294 2891 στέ-

472 2929 670 2983 φανον
695 2910 1035 2979 Διονυσίοις
1058 2912 1382 2992 τραγῳδοῖς
1409 2917 1649 2982 καινοῖς.
1656 2916 1676 2989 ]

899 3063 1262 3122 ΤΕΡΟΝΕ
1327 3064 1790 3124 ΨΗΦΙΣΜΑ.

257 3176 364 3228 116
553 3165 730 3250 [Eine
759 3176 1011 3246 Καλλίας
1045 3170 1398 3273 Φρεαρριος,
1447 3199 1793 3252 πρυτανεων
1824 3170 2110 3276 λεγόντων
2150 3179 2289 3275 βου-

465 3263 573 3333 λῆς
618 3254 852 3340 γνωμῃ,
903 3252 1102 3334 ἐπειδὴ
1129 3258 1514 3339 Χαρίδημος
1494 3284 1524 3320 ο
1552 3259 1643 3319 ἐπὶ
1668 3264 1786 3319 τῶν
1833 3253 2105 3334 ὃπλιτων,
2142 3251 2287 3318 ἄπο-

463 3341 688 3409 σταλεὶς
734 3343 813 3412 εἰς
839 3347 1180 3419 Σαλαμῖνα,
1220 3343 1322 3401 καὶ
1356 3340 1634 3420 Διότιμος
1661 3337 1691 3402 ὁ
1738 3340 1831 3401 ἐπι
1871 3347 1990 3401 τῶν
2030 3342 2284 3414 ἱππέων,

462 3425 526 3485 ἐν
564 3426 640 3505 τῇ
665 3423 759 3485 ἐπὶ
781 3429 886 3484 τοῦ
909 3431 1175 3503 ποταμοῦ
1201 3449 1357 3509 μαχη
1383 3432 1499 3487 τῶν
1549 3443 1914 3505 στρατιωτων
1954 3428 2133 3485 τινῶν
2168 3419 2285 3485 ὑπὸ
