2622 4065
349 309 478 371 ’2ῖο
775 309 974 365 XVIII.
1041 302 1879 364 ΔΗΜΟΣΘΕΝΟΤΣ

354 472 599 547 πάντες
621 467 1035 556 ἀπολέσειαν,
1064 458 1366 546 πονηρὸν
1388 459 1550 527 ὄντα
1577 463 1688 527 καὶ
1710 468 1986 547 πολίτην
2009 464 2118 529 καὶ
2138 488 2286 548 τρι-

353 568 790 652 ’ταγωνιστήμ

529 668 699 748 Λέγε
721 661 835 737 τὰς
857 665 1239 745 μαρτυρίας.

1054 816 1572 875 ΜΑΡΤΤΡΙΑΙ.

235 969 343 1024 268
524 949 635 1015 Ἐν
660 950 789 1033 μὲν
823 953 1058 1013 τοίνυν
1092 959 1227 1020 τοῖς
1267 939 1432 1035 πρὸς
1456 939 1578 1024 τὴν
1602 939 1796 1005 πόλιν
1830 944 2161 1014 τοιοῦτος·
2209 940 2281 1001 ἐν

367 1051 437 1115 δὲ
472 1063 609 1124 τοῖς
647 1052 835 1121 ἰδίοις
869 1052 929 1111 εί
961 1042 1047 1128 μὴ
1087 1043 1328 1118 πάντες
1369 1050 1502 1105 ἴστε
1538 1037 1636 1103 ὅτι
1658 1037 1882 1113 κοινὸς
1905 1040 2012 1101 καὶ
2035 1034 2281 1119 φιλάν-

365 1159 643 1226 θρωπος
668 1148 775 1209 καὶ
799 1158 935 1218 τοῖς
960 1145 1293 1224 δεομένοις
1318 1141 1655 1219 ἐπαρκων,
1694 1141 1920 1198 σιωπῶ
1944 1136 2053 1199 καὶ
2078 1130 2277 1197 οὐδὲν
2295 1152 2400 1208 315

366 1273 452 1311 αν
490 1256 735 1327 εἰποιμι
771 1241 942 1306 οὐδὲ
963 1245 1421 1320 παρασχοίμην
1466 1235 1614 1314 περὶ
1656 1232 1915 1297 τούτων
1961 1227 2280 1312 οὐδεμίαν

369 1351 773 1428 μαρτυρίαν,
815 1337 956 1405 οὔτ’
989 1348 1048 1404 εἴ
1079 1362 1262 1413 τινας
1295 1337 1367 1399 ἐκ
1393 1359 1529 1398 των
1564 1336 1893 1413 πολεμίων
1917 1327 2275 1441 ἐλυσάμην,

369 1440 509 1507 οὔτ’
543 1452 606 1507 εἴ
616 1460 746 1506 τισι
769 1438 1145 1521 θυγατέρας
1168 1434 1600 1510 συνεξέδωκα,
1627 1427 1779 1493 οῦτε
1800 1433 1935 1490 τῶν
1957 1422 2281 1489 τοιούτων

242 1555 346 1607 269
370 1539 588 1606 ουδέν.
651 1540 761 1603 καὶ
784 1562 910 1619 γαρ
937 1534 1113 1600 οὕτω
1138 1556 1275 1606 πως
1310 1528 1660 1610 υπείληφα.
1735 1522 1859 1606 ἐγώ
1885 1528 2124 1605 νομίζω
2162 1518 2281 1585 τὸν

371 1639 491 1722 μὲν
526 1630 603 1702 εῦ
640 1633 949 1701 παθόντα
992 1637 1131 1696 δεῖν
1165 1636 1547 1712 μεμνῆσθαι
1596 1647 1811 1688 παντα
1845 1621 1964 1687 τὸν
2008 1621 2278 1742 χρόνον,

369 1736 491 1802 τὸν
516 1737 586 1801 δὲ
609 1733 977 1817 ποιήσαντα
1014 1726 1225 1802 εὐθυς
1264 1730 1726 1806 επιλελῆσθαι,
1776 1727 1834 1785 εἰ
1874 1725 1977 1784 δεῖ
2002 1717 2122 1783 τὸν
2159 1717 2279 1800 μὲν

367 1840 679 1919 χρηστοῦ,
716 1829 835 1895 τὸν
870 1829 939 1893 δὲ
971 1825 1056 1911 μὴ
1086 1823 1507 1909 μικροψύχου
1544 1832 1756 1884 ποιεῖν
1783 1823 1979 1899 ἔργον
2002 1814 2281 1897 ἄνθρω-

366 1929 631 1999 που.τό
658 1931 727 1996 δὲ
749 1956 864 2004 τας
889 1931 1056 2001 ἰδίας
1080 1922 1453 2006 εὐεργεσίας
1479 1916 2007 2001 υπομιμνήσκειν
2041 1915 2150 1977 καὶ
2172 1915 2283 1976 λε’-

362 2060 508 2118 γειν
531 2038 773 2115 μικροῦ
798 2024 985 2092 δειν
961 2021 1195 2108 ὅμοιόν
1219 2024 1352 2088 ἐστι
1373 2027 1465 2105 τῷ
1489 2016 1845 2094 ὀνειδίζειν.
1884 2041 1965 2079 ου
1946 2009 2063 2094 ’δὴ
2088 2010 2284 2093 ποιή-

367 2153 461 2197 σω
495 2137 804 2195 τοιοῦτον
841 2124 1072 2204 ουδὲν,
1126 2118 1283 2186 οὐδὲ
1341 2115 1882 2199 προαχθήσομαι,
1928 2108 2061 2174 αλλ’
2104 2107 2282 2183 ὅπως

368 2226 520 2296 ποθ’
551 2225 956 2308 υπείλημμαι
978 2221 1127 2302 περὶ
1152 2216 1434 2296 τούτων,
1461 2213 1653 2296 αρκεῑ
1671 2237 1802 2294 μοι

241 2337 354 2389 270
538 2325 879 2404 Βούλομαι
905 2321 973 2383 δὲ
997 2344 1132 2381 των
1149 2320 1333 2380 ι’δίων
1360 2310 1799 2388 ἇπαλλαγεὶς’
1777 2312 1870 2369 ε’τι
1891 2302 2092 2386 μικρὰ
2116 2299 2284 2382 πρὸς

372 2425 546 2510 ῦμας
571 2428 775 2487 εἰπεῖν
799 2419 947 2497 περὶ
976 2440 1110 2478 των
1136 2435 1405 2476 κοινων.
1454 2413 1513 2471 εί
1546 2408 1664 2487 μὲν
1685 2428 1812 2486 γαρ
1839 2406 2027 2484 ἔχεις,
2052 2404 2284 2480 Αἰσχί-

375 2552 481 2609 νη,
506 2548 643 2587 των
666 2516 796 2583 ὑπὸ
824 2523 1063 2581 τοῦτον
1099 2508 1217 2574 τὸν
1240 2506 1431 2590 η’λιον
1470 2510 1676 2568 είπειν
1699 2497 2083 2584 ἀνθρώπων
2107 2495 2282 2570 ὅστις

377 2624 604 2710 ἀθῷος
638 2625 751 2700 τῆς
793 2618 1127 2679 Φιλίππου
1165 2604 1494 2689 πρότερον
1531 2602 1639 2665 καὶ
1673 2606 1802 2663 νῦν
1837 2624 1950 2681 της
1979 2593 2283 2672 Ἀλεξαν-

380 2727 546 2804 δρου
572 2718 960 2785 δυναστείας
982 2710 1280 2790 γέγονεν,
1326 2728 1364 2784 η
1392 2706 1526 2765 τῶν
1543 2696 1874 2818 Ελλήνων
1894 2721 1934 2776 η
1960 2719 2094 2757 των
2116 2698 2284 2775 βαρ-

381 2819 642 2902 βαρων,
692 2818 889 2889 ε’στω,
943 2825 1260 2887 συγχωρω
1301 2818 1405 2864 σοι
1438 2824 1563 2881 την
1586 2793 1748 2878 ἐμὴν
1786 2803 1910 2859 εἴτε
1932 2792 2138 2874 τύχην
2161 2798 2288 2854 εἴτε

384 2916 744 2994 δυστυχίαν
791 2903 1138 2987 ὀνομαζειν
1183 2895 1412 2983 βούλει
1456 2919 1727 2959 παντων
1766 2899 1978 2957 αἰτίαν
2013 2893 2289 2972 γεγενῆ-

169 3051 171 3053 ·
245 3029 361 3085 Ἰ271
385 3024 562 3080 σθαι.
607 3015 666 3074 εἰ
686 3006 757 3072 δὲ
781 3006 884 3070 καὶ
911 3026 1047 3067 των
1070 2991 1493 3083 μηδεπωποτ’
1522 2992 1803 3057 ἰδόντων
1826 2990 1934 3072 ἐμὲ
1955 2989 2118 3071 μηδὲ
2143 3011 2290 3068 φω-

382 3113 512 3197 νὴν
537 3103 923 3190 ἀκηκοότων
938 3104 1099 3183 ἐμοῦ
1123 3096 1353 3161 πολλοὶ
1375 3089 1583 3158 πολλα
1607 3117 1717 3155 και
1695 3087 1915 3154 δεινα
1940 3085 2288 3152 πεπόνθα-

386 3231 471 3295 σι,
523 3204 608 3292 μὴ
656 3203 865 3286 μόνον
907 3223 1030 3264 κατ
1041 3195 1330 3279 ανδρα,
1378 3187 1544 3258 αλλα
1588 3192 1698 3256 καὶ
1739 3185 1959 3263 πόλεις
2002 3184 2151 3251 όλαι
2182 3186 2293 3249 καὶ

385 3315 577 3390 ἔθνη,
623 3301 807 3387 πόσῳ
846 3295 1255 3378 δικαιότερον
1296 3293 1406 3356 καὶ
1451 3287 1897 3371 αληθέστερον
1930 3280 2055 3365 τὴν
2075 3279 2295 3345 ἁπαν-

385 3431 555 3486 των,
606 3398 695 3476 ὥς
731 3402 977 3475 ἔοικεν,
1022 3391 1406 3474 ανθρώπων
1438 3388 1641 3506 τύχην
1675 3383 1912 3465 κοινὴν
1945 3383 2054 3445 καὶ
2077 3404 2296 3463 φοραν

389 3529 539 3571 τινα
584 3520 993 3582 πραγματων
1032 3486 1327 3576 χαλεπὴν
1369 3489 1477 3552 καὶ
1519 3484 1640 3568 οὐχ
1660 3488 1825 3548 οἵαν
1868 3483 1998 3545 ἔδει
2041 3477 2298 3544 τούτων
