2622 4065
345 2655 448 2706 211

449 298 576 370 254
852 310 1048 365 xv111.
1122 304 1799 363 ΛΗΜΟΣΘΕΝΟ
1820 304 1952 362 ΤΣ

454 472 799 555 κειμένους
822 464 1120 550 ἀγαθοὺς
1142 466 1420 548 ἄνδρας,
1448 460 1565 541 οὕς
1589 462 1882 540 ἅπαντας
1907 456 2205 546 ὁμοίωςὴ
2235 483 2357 527 πο·-
2392 506 2401 509 ..

458 580 556 646 λις
578 578 692 653 τῆς
716 567 916 652 αὐτῆς
941 564 1273 643 ἀξιώσασα
1308 570 1498 646 τιμῆς
1532 567 1815 645 ἔθαψεν,
1863 567 2171 676 Αἰσχίνη,
2216 558 2360 641 οὐχὶ

456 666 613 744 τοὺς
645 664 1201 749 κατορθώσαντας
1238 660 1462 726 αὐτῶν
1509 658 1664 725 ουδὲ
1711 657 1865 735 τοὺς
1907 657 2363 740 κρατήσαντας

458 765 723 851 μόνους.
797 769 1079 839 δικαίως.
1150 759 1189 826 ὃ
1223 761 1344 845 μὲν
1376 785 1501 841 γαρ
1535 750 1619 840 ἦν
1655 755 1921 841 ανδρων
1949 753 2226 837 αγαθων
2256 757 2365 837 ἔρ-

458 891 612 950 γον,
659 861 864 929 άπασι
890 865 1284 943 πέπρακται·
1332 865 1412 941 τῇ
1437 857 1598 939 τύχῃ
1624 853 1709 937 δ’,
1749 851 1834 937 ἣν
1857 850 1891 917 ὁ
1920 856 2171 935 δαίμων
2196 856 2364 916 ἔνει-

338 976 438 1030 209
460 990 582 1047 μεν
622 963 953 1045 ἑκάστοις,
999 959 1204 1043 ταύτῃ
1237 962 1597 1041 κέχρηνται.
1674 948 1896 1032 ἔπειτ’,
1945 952 1993 1013 ὠ
2041 948 2364 1028 κατάρατε

462 1062 572 1127 καὶ
605 1058 1229 1143 γραμματοκύφων,
1273 1053 1358 1120 σὺ
1392 1052 1512 1136 μὲν
1546 1059 1658 1135 τῆς
1682 1075 1856 1131 παρα
1880 1049 2158 1113 τουτωνὶ
2179 1051 2366 1128 τιμῆς

464 1160 576 1224 καὶ
610 1162 1118 1241 φιλανθρωπίας
1153 1152 1251 1236 ἔμ’
1294 1150 1739 1231 άποστερῆσαι
1774 1146 2178 1233 βουλόμενος
2209 1143 2344 1225 τρό-
2411 1168 2414 1171 ’

464 1282 624 1322 παια
648 1259 754 1320 καὶ
777 1253 981 1337 μάχας
1003 1253 1112 1317 καὶ
1136 1249 1378 1315 παλαια
1402 1254 1559 1329 ἔργα
1582 1252 1813 1328 ἔλεγες,
1843 1272 1939 1309 ων
1961 1250 2136 1317 τίνος
2159 1258 2368 1323 προσ-

468 1361 671 1421 εδειτο
721 1350 754 1417 ὅ
802 1375 1034 1433 παρων
1079 1348 1258 1445 άγων
1297 1344 1553 1423 οὑτοσί;
1599 1343 1709 1427 ἐμὲ
1744 1344 1846 1425 δὲ,
1897 1368 1946 1405 ω
1982 1363 2369 1422 τριταγωνι-

470 1473 625 1533 στα,
701 1447 823 1514 τὸν
878 1450 1025 1530 περὶ
1070 1473 1205 1511 των
1249 1454 1589 1524 πρωτείων
1635 1442 2018 1523 σύμβουλον
2060 1444 2140 1520 τῇ
2182 1436 2371 1502 πόλει

469 1550 790 1632 παριόντα
816 1547 888 1612 τὸ
914 1553 1091 1621 τίνος
1116 1543 1425 1626 φρόνημα
1454 1535 1721 1623 λαβόντ’
1753 1535 2136 1620 ἀναβαίνειν
2160 1534 2260 1597 ἐπὶ
2292 1530 2365 1596 τὸ

345 1660 451 1710 210
469 1645 624 1733 βῆμ’
672 1651 836 1722 ἔδεις
882 1641 953 1708 τὸ
987 1648 1109 1707 τοῦ
1143 1640 1402 1706 τούτων
1444 1635 1680 1711 ἀνάξια
1724 1637 2060 1715 ἐροῦντος;
2109 1635 2372 1705 δικαίως

444 1741 713 1830 μέντᾶν
737 1742 1098 1808 απέθανον.
1148 1739 1283 1805 ἐπει
1304 1733 1447 1803 οὐδ’
1477 1732 1668 1816 ὑμας,
1688 1758 1736 1795 ω
1759 1731 1994 1811 ἄνδρες
2007 1726 2367 1810 Ἀθηναιοι,

468 1842 596 1909 ἀπὸ
626 1851 743 1926 τῆς
768 1838 969 1923 αὐτῆς
993 1841 1283 1910 διανοίας
1307 1838 1412 1898 δεῖ
1434 1833 1549 1907 τάς
1583 1856 1652 1895 τε
1694 1835 1859 1904 ἰδίας
1894 1832 2076 1902 δίκας
2108 1829 2217 1922 και
2253 1851 2366 1899 τας

472 1947 785 2025 δημοσίας
816 1944 1101 2021 κρίνειν,
1147 1931 1310 1999 ἄλλα
1344 1958 1422 1996 τα
1460 1929 1580 2013 μὲν
1612 1935 1733 1994 τοῦ
1757 1924 1920 1991 καθ’
1944 1919 2198 2009 ἡμέραν
2217 1928 2368 2006 βίου

472 2040 845 2123 συμβόλαια
877 2040 981 2102 ε’πι
1014 2061 1150 2100 των
1190 2037 1376 2097 ἰδίων
1411 2028 1639 2110 νόμων
1659 2025 1769 2090 καὶ
1794 2031 2006 2105 ἔργων
2033 2027 2368 2087 σκοποῦν-

418 2141 428 2146 ”
467 2165 614 2219 τας,
667 2162 781 2211 τας
817 2138 885 2198 δὲ
923 2158 1149 2206 κοινας
1185 2129 1594 2211 προαιρέσεις
1630 2130 1718 2198 είς
1753 2148 1831 2185 τα
1854 2147 1988 2185 των
2014 2117 2367 2202 προγόνων

467 2235 797 2317 αξιωματα
820 2230 1329 2314 ἀποβλέποντας.
1366 2227 1475 2289 καὶ
1497 2218 2036 2304 παραλαμβάνειν
2051 2242 2124 2297 γε
2143 2213 2275 2297 ἅμα
2294 2220 2371 2299 τῇ

468 2337 789 2418 βακτηρία
825 2331 934 2394 καὶ
968 2336 1061 2412 τῷ
1098 2322 1410 2407 σνμβόλω
1444 2318 1516 2384 τὸ
1556 2318 1864 2400 φρόνημα
1890 2314 1962 2378 τὸ
1989 2322 2101 2395 τῆς
2126 2312 2373 2385 πόλεως

469 2437 756 2515 νομίζειν
784 2429 1065 2492 ἕκαστον
1108 2420 1298 2505 ὑμων
1336 2425 1467 2500 δει,
1513 2415 1673 2482 ὅταν
1706 2441 1784 2479 τα
1822 2412 2101 2497 δημόσια
2139 2416 2372 2491 εἰσίητε

469 2536 875 2611 κρινοῦντες,
894 2532 1074 2603 εἴπερ
1096 2521 1241 2598 άξια
1262 2522 1531 2583 ἐκείνων
1552 2510 1858 2596 πράττειν
1882 2518 2103 2576 οἴεσθε
2121 2513 2369 2589 χρῆναι.

630 2621 820 2690 Ἀλλα
857 2646 985 2704 γαρ
1022 2614 1325 2702 ἐμπεσών
1362 2621 1450 2691 εἰς
1484 2640 1563 2678 τα
1597 2609 2020 2694 πεπραγμένα
2042 2618 2176 2681 τοῖς
2207 2628 2373 2684 προ-

465 2724 692 2808 γόνοις
742 2718 935 2803 ὑμων
982 2724 1158 2782 ἔστιν
1201 2713 1241 2779 ά
1284 2741 1417 2779 των
1461 2709 1902 2794 ψηφισμάτων
1937 2706 2230 2786 παρέβην
2265 2700 2384 2772 καὶ]

466 2849 606 2888 των
639 2819 1093 2900 πραχθέντων.
1161 2818 1553 2877 έπανελκθειν
1590 2812 1746 2889 οὐν,
1797 2802 2049 2870 ὁπόθεν
2073 2807 2161 2875 εἰς
2181 2794 2364 2862 ταῦτ’

471 2922 730 3004 ἐξέβην,
762 2913 1102 3000 βούλομαι.

629 3013 742 3089 Ως
764 3037 892 3095 γαρ
919 3003 1284 3094 άφικόμεθ
1329 3033 1418 3082 εις
1442 3030 1558 3080 τας
1584 3001 1835 3087 Θηβας,
1880 2993 2372 3079 κατελαμβάνο-

471 3105 594 3200 μεν
629 3117 960 3178 Φιλίππου
983 3109 1093 3173 καὶ
1118 3110 1464 3171 Θετταλων
1488 3129 1593 3166 και
1616 3126 1752 3165 των
1774 3096 1994 3163 άλλων
2017 3090 2373 3177 συμμάχων

471 3210 805 3296 παρόντας
829 3208 1163 3290 πρέσβεις,
1208 3203 1316 3267 και
1353 3200 1508 3276 τούς
1529 3203 1648 3283 μὲν
1672 3196 2026 3314 ημετέρους
2049 3197 2281 3276 φίλους
2305 3191 2374 3252 ἐν

472 3311 700 3398 φόβω,
748 3304 904 3382 τούς
939 3302 999 3369 δ’
1037 3307 1293 3369 ἐκείνου
1329 3310 1620 3383 θρασεῖς.
1689 3294 1788 3363 ὅτι
1811 3292 1872 3358 δ’
1914 3289 1995 3357 οὐ
2016 3298 2146 3354 νῦν
2166 3292 2371 3351 ταῦτα

469 3414 637 3495 λέγω
683 3414 806 3474 τοῦ
851 3404 1305 3489 συμφέροντος
1348 3399 1542 3464 ε’νεκα
1586 3398 1874 3478 ἐμαυτω,
1919 3392 2065 3471 λέγε
2106 3410 2215 3467 μοι
2249 3408 2370 3466 την

345 3527 451 3579 212
470 3505 821 3591 ἐπιστολὴν
848 3501 934 3596 ἣν
954 3502 1067 3569 τότ
1075 3498 1502 3585 ’ἐπέμψαμεν
1524 3491 1729 3569 εὐθὺς
1754 3517 1815 3557 οι
1801 3490 2154 3571 πρέσβεις.
2223 3484 2367 3545 καί-

2389 1739 2492 1793 298
