2622 4065
358 315 484 378 372
793 320 934 376 XIX.
1010 316 1851 381 ΔΗΜΟΣΘΕΝΟΤΣ

359 495 478 554 σας
492 482 921 562 καταβαινειν
937 481 1024 551 εἰς
1037 483 1316 558 Πειραιᾶ
1336 474 1609 561 δεῖνήδη
1626 482 1734 543 καὶ
1745 479 2024 564 χρήματ’
2054 488 2275 569 εἰσφέ-

361 601 503 660 ρειν
518 577 625 639 καὶ
649 570 727 639 τα
743 572 1035 655 θεωρικα
1054 572 1486 657 στρατιωτικὰ
1504 590 1737 661 ποιεῖν,
1753 573 1797 661 ἢ
1818 596 2217 660 χειροτονεῖν
2234 580 2275 649 ἃ

362 685 633 737 συνεῖπε
654 696 774 754 μεν
800 673 994 746 οὐτος
1016 723 1030 752 ,
1078 677 1321 753 ε’γραψε
1348 670 1409 737 δ’
1439 670 1471 738 ὁ
1496 673 1818 756 βδελυρὸς
1841 678 2271 763 Φιλοκράτης,

125 788 135 798 “
234 782 344 834 292
362 772 426 847 ἐξ
452 760 546 835 ὠν
569 769 846 852 αἰσχρὰν
871 767 1016 834 ἀντ
1047 779 1191 854 ἰσης
1217 775 1462 855 συνέβη
1488 774 1817 893 γενέσθαι
1829 774 1949 858 τὴν
1978 778 2268 862 εἰρήνην,

363 868 548 932 οὑτοι
574 865 643 931 δε
663 879 798 942 τοῖς
820 864 982 950 μετὰ
1009 866 1194 932 ταῦτ’
1225 867 1584 954 ἀδικήμασι
1622 869 1817 937 πάντ’
1846 871 2273 941 ἀπολωλέκα-

361 985 447 1046 σι,
476 971 837 1049 τηνικαῦτα
862 965 1229 1050 διήλλαξαι;
1275 971 1384 1032 καὶ
1423 971 1496 1034 ἐν
1531 996 1650 1052 μεν
1672 978 1767 1055 τῷ
1792 970 1976 1059 δήμῳ
2004 974 2268 1058 κατηρῶ
2290 994 2392 1049 435

361 1069 692 1150 Φιλίππῳ,
729 1065 839 1130 καὶ
863 1090 1029 1129 κατα
1054 1072 1189 1130 τῶν
1214 1071 1472 1131 παίδων
1499 1066 1756 1150 ὤμνυες
1781 1072 1819 1152 ἠ
1847 1069 1981 1153 μὴν
2005 1068 2269 1136 ἀπολω-

361 1162 547 1227 λέναι
573 1155 973 1226 Φίλιππον
927 1188 1014 1227 αν
1036 1163 1436 1246 βούλεσθαι·
1489 1173 1617 1229 νῦν
1641 1168 1712 1230 δε
1733 1166 2088 1250 βοηθήσεις
2110 1169 2272 1233 τού-
2360 1249 2362 1252 ⁴

359 1283 448 1346 τῳ
469 1286 485 1337 3
534 1265 673 1336 πῶς
696 1252 819 1326 οὖν
849 1257 1205 1345 ἀπολεῖται,
1235 1259 1401 1326 ὅταν
1421 1262 1576 1339 τούς
1600 1260 1748 1344 παρ’
1773 1267 2030 1330 ἐκείνου
2054 1270 2270 1351 δωρο-

109 1352 112 1355 ’
190 1419 196 1424 ,
231 1370 338 1422 293
360 1360 724 1434 δοκοῦντας
761 1360 845 1423 σύ
883 1356 1122 1443 σώζῃς;
1180 1367 1243 1424 τί
1274 1358 1402 1442 γὰρ
1440 1360 1679 1444 δήποτε
1717 1365 2102 1443 Μοιροκλέα
2148 1363 2272 1446 μὲν

358 1458 645 1539 ἔκρινες,
693 1461 752 1521 εἰ
785 1455 961 1538 παρὰ
1000 1465 1136 1522 τῶν
1171 1456 1246 1522 τὰ
1286 1461 1570 1540 μέταλλα
1607 1462 1997 1542 ἐωνημένων
2022 1469 2271 1526 εἴκοσιν

357 1555 598 1630 ἐξέλεξε
625 1550 917 1637 δραχμὰς
940 1551 1087 1636 παρ’
1115 1555 1395 1620 ἑκάστου
1409 1605 1427 1636 ,
1454 1558 1562 1620 καὶ
1584 1563 2081 1640 Κηφισοφῶντα
2103 1584 2270 1641 γρα-

360 1647 498 1731 φὴν
522 1653 721 1732 ιἐρεὸν
743 1651 1099 1734 χρημάτων
1128 1655 1420 1734 ἐδίωκες,
1469 1658 1529 1717 εἰ
1560 1656 1773 1735 τρισὶν
1805 1652 2088 1738 ὕστερον
2109 1653 2275 1740 ἡμέ-μ

357 1772 501 1828 ραις
548 1749 650 1812 ἐπι
694 1746 819 1830 τὴν
858 1748 1184 1830 τραπεζαν
1222 1755 1467 1833 ἔθηκεν
1513 1750 1672 1814 ἑπτα
1718 1775 1913 1832 μνας·
1996 1749 2152 1828 τούς
2200 1753 2269 1819 δὲ

357 1849 643 1928 ἔχοντας,
666 1842 1179 1930 ὁμολογοῦντας,
1206 1850 1743 1932 ἐξελεγχομένους
1766 1845 1858 1915 ἐπ’
1892 1847 2264 1936 αὐτοφώρω

351 1946 454 2008 ἐπὶ
473 1970 563 2008 τω
587 1949 722 2008 τῶν
745 1945 1107 2028 συμμαχων
1132 1942 1390 2034 ὀλέθρω
1407 1954 1611 2011 ταῦτα
1636 1946 2091 2030 πεποιηκότας,
2108 1945 2267 2012 τού-

228 2065 331 2119 294
350 2068 507 2119 τους
553 2039 634 2107 οὐ
668 2047 944 2127 κρίνεις,
994 2041 1160 2109 αλλα
1201 2046 1309 2109 καὶ
1350 2043 1578 2122 σώζειν
1613 2045 1928 2125 κελεύεις;
2003 2047 2111 2111 καὶ
2134 2043 2267 2130 μὴν

354 2140 455 2206 ὅτι
476 2150 684 2206 ταῦτα
720 2145 840 2225 μέν
877 2145 1012 2207 ἐστι
1049 2141 1304 2227 φοβεροὶ
1344 2145 1451 2207 καὶ
1476 2150 1793 2225 προνοίας
1818 2144 1926 2209 καὶ
1962 2151 2265 2227 φυλακῆς

353 2247 599 2324 πολλῆς
625 2239 939 2324 δεόμενα,
966 2238 1062 2322 ἐφ’
1090 2237 1184 2317 οἷς
1210 2245 1272 2305 δ’
1302 2244 1596 2318 ἐκείνους
1619 2241 1702 2307 σύ
1728 2247 2011 2327 ἔκρινες,
2036 2247 2260 2326 γέλως,

350 2341 613 2415 ἐκείνως
649 2337 919 2418 ὄψεσθε.
983 2332 1158 2423 ἦσαν
1181 2342 1253 2405 ἐν
1278 2337 1498 2404 ’Ήλιδι
1533 2343 1922 2416 κλέπτοντες
1958 2339 2036 2405 τὰ
2073 2339 2264 2406 κοινά

348 2462 554 2516 τινες;
612 2438 722 2501 καὶ
767 2433 911 2520 μάλ’
957 2435 1131 2513 εἰκός
1174 2462 1266 2518 γε.
1337 2442 1515 2501 ἔστιν
1563 2429 1689 2502 οὖν
1734 2435 1913 2513 ὅστις
1955 2440 2262 2521 μετέσχεν

348 2533 594 2601 αὐτόθι
630 2541 764 2600 νῦν
797 2534 1059 2600 τούτων
1094 2542 1218 2599 τοῦ
1251 2540 1618 2599 καταλῦσαι
1657 2533 1775 2600 τὸν
1813 2539 2055 2619 δῆμον;
2104 2532 2261 2601 οὐδὲ

347 2631 451 2711 εἷς.
521 2640 590 2699 τί
607 2634 707 2711 δε’;
747 2625 921 2717 ἦσαν
937 2684 953 2714 ,
983 2629 1088 2698 ὅτ’
1113 2626 1201 2717 ἦν
1228 2633 1597 2714 Ὄλυνθος,
1624 2638 1923 2698 τοιοῦτοί
1936 2639 2110 2709 τινες
2137 2631 2258 2698 ἄλ·-

344 2742 481 2811 λοι;
535 2729 659 2815 ἐγώ
707 2730 829 2815 μὲν
872 2729 1072 2815 οἶμαι.
1194 2724 1294 2815 ἆρ’
1335 2724 1460 2796 οὖν
1507 2729 1614 2796 διὰ
1657 2732 1936 2807 τούτους
1977 2727 2258 2797 ἀπώλετ’

334 2821 695 2906 ’Όλυνθοςς
743 2828 844 2893 οὔ.
913 2836 981 2895 τί
1001 2835 1039 2895 δ
1048 2827 1086 2911 ’,
1123 2832 1197 2894 ἐν
1220 2829 1566 2912 Μεγάροις
1592 2826 1713 2893 οὐκ
1740 2824 1947 2892 οἴεσθ’
1974 2825 2148 2891 εἷναί
2161 2851 2260 2891 τι-

344 2955 430 2992 να
474 2928 584 2992 καὶ
627 2930 919 3010 κλέπτην
954 2930 1062 2992 καὶ
1099 2931 1591 3010 παρεκλέγοντα
1614 2926 1693 2989 τὰ
1715 2925 1938 3000 κοινάς
1979 2921 2257 3007 ἀνάγκη,

344 3027 451 3091 καὶ
478 3026 752 3109 πέφηνε.
797 3030 893 3100 τίς
917 3033 1124 3101 αἴτιος
1149 3021 1395 3090 αὐτόθι
1417 3031 1548 3088 νῦν
1569 3021 1828 3088 τούτων
1852 3027 1988 3086 τῶν
2011 3029 2259 3107 συμβε-

212 3143 321 3197 ’295
344 3125 651 3209 βηκότων
693 3123 1133 3209 πραγμάτωνς
1196 3122 1351 3190 οὐδὲ
1396 3119 1501 3200 εἷς.
1580 3119 1744 3188 ἄλλα
1782 3130 1961 3187 ποῖοί
1991 3146 2162 3197 τινες
2198 3123 2265 3185 oc

342 3222 420 3290 τὰ
460 3231 820 3308 τηλικαῦτα
856 3223 965 3289 καὶ
1004 3221 1259 3289 τοιαῦτ’
1306 3220 1725 3299 ἄδικοῦντεςς
1780 3223 1846 3285 οἱ
1882 3225 2260 3303 νομίζοντες

341 3321 589 3401 αὐτοὺς
626 3319 973 3407 ἀξιόχρεως
1015 3322 1182 3387 εἶναι
1215 3328 1346 3387 τοῦ
1378 3326 1713 3386 Φιλίππου
1737 3322 1909 3396 ξένοι
1942 3318 2051 3382 καὶ
2077 3322 2256 3399 φίλοι

340 3418 1001 3505 προσαγορεύεσθαι,
1050 3423 1118 3485 οἱ
1148 3426 1668 3505 στρατηγιῶντες
1711 3418 1818 3481 καὶ
1856 3416 2256 3495 προστασίας

337 3519 739 3605 ἀξιούμενοι,
768 3523 835 3586 οἱ
853 3523 1113 3604 μείζους
1136 3525 1272 3583 τῶν
1296 3525 1560 3583 πολλῶν
1585 3514 1877 3599 οἰόμενοι
1903 3515 2040 3576 δεῖν
2064 3507 2248 3576 εἶναι.
