2622 4065
503 306 754 367 ΠΕΡΙ
820 303 1036 363 ΤΗΣ
1089 299 2010 361 ΠΛΡΑΠΡΕΣΒΕΙΑΣ.
2092 292 2219 355 293

316 465 648 555 γωνιστὴν
671 464 964 549 προσιών
988 467 1109 546 μὲν
1130 468 1210 545 τῇ
1231 467 1475 544 βουλῇ,
1499 454 1799 540 προσιών
1824 456 1894 523 δὲ
1916 464 2008 542 τῷ
2033 410 2215 541 δήμῳ
2294 490 2297 492 Δ

319 567 469 647 περὶ
489 565 774 648 τούτων,
811 564 921 629 καὶ
943 566 1177 635 πείσας
1192 555 1363 642 ὑμᾶς
1384 569 1713 639 πανταχοῖ
1728 520 2034 640 πρέσβέις
2056 554 2221 635 πέμ-

314 679 431 745 ψαι
465 661 619 740 τους
641 662 1042 739 συνάξοντας
1065 663 1260 742 δεῦρο
1289 653 1444 731 τοὺς
1472 654 2050 740 βουλευσομένους
2074 650 2224 731 περὶ

233 782 297 835 ll
316 770 436 830 τοῦ
463 760 641 881 ,πρὸς
684 768 1014 826 Φίλιππον
1055 758 1380 838 πολέμου,
1432 753 1540 817 καὶ
1584 750 2016 834 ἀπαγγέλλων
2060 772 2222 832 μετα

317 857 512 927 ταῦθ’
553 857 735 943 ἥκων
758 860 821 934 ἐξ
836 853 1177 937 Ἀρκαδίας
1200 877 1358 926 τους
1382 848 1622 925 καλους
1645 852 1937 925 ἐκείνους
1959 848 2070 912 καὶ
2092 873 2222 930 μα-

319 984 522 1042 κρους
554 956 825 1039 λόγους,
874 950 990 1029 οὓς
1025 955 1094 1016 ἐν
1129 963 1262 1025 τοῖς
1296 956 1557 1031 μυρίοις
1592 950 1662 1011 ἐν
1699 945 1979 1029 Μεγάλη
2033 943 2219 1009 πόλει

319 1054 485 1139 πρὸς
516 1053 916 1138 Ἱερώνυμον
956 1047 1077 1115 τὸν
1127 1045 1293 1129 ὑπερ
1341 1051 1675 1111 Φιλίππου
1719 1045 1994 1126 λέγοντα
2050 1038 2217 1122 ὑπερ
2332 1112 2336 1114 Α

320 1152 513 1236 ὑμῶν
539 1155 662 1233 ἔφη
689 1146 1309 1232 δεδημηγορηκέναι,
1328 1144 1435 1208 καὶ
1456 1140 1710 1218 διεξιων
1727 1137 1922 1256 ηλίκα
1940 1136 2064 1223 τὴν
2074 1135 2226 1203 Ελ-

319 1248 491 1315 λάδα
524 1252 774 1327 πασαν,
817 1240 959 1327 ουχὶ
991 1268 1108 1318 τας
1144 1245 1310 1317 ἰδίας
1344 1238 1653 1305 ἀδικοῦσι
1674 1237 1885 1321 μόνον
1907 1240 2226 1355 πατρίδας

320 1350 388 1411 οἱ
409 1348 936 1428 δωροδοκοῦντες
959 1343 1069 1406 καὶ
1089 1339 1388 1423 χρήματα
1409 1337 1858 1423 λαμβάνοντες
1893 1334 2073 1421 παρὰ
2101 1341 2227 1399 Φυ-

236 1461 302 1511 12
320 1449 580 1509 λίππου.
649 1437 866 1522 ἐπειδὴ
904 1445 1138 1503 τοίνυν
1171 1444 1380 1500 ταῦτα
1423 1436 1939 1518 πολιτευομένου
1982 1431 2226 1498 τούτου

321 1540 470 1606 τότε
511 1539 622 1603 καὶ
664 1543 859 1601 τοῦτο
904 1533 975 1599 τό
1032 1539 1262 1617 δεῖγμα
1308 1531 1766 1616 ἐξενηνοχότος
1808 1533 1957 1615 περὶ
1992 1527 2224 1612 αὑτοῦ,

321 1637 477 1714 τούς
514 1636 663 1719 περὶ
697 1641 812 1717 τῆς
851 1631 1113 1716 εἰρήνης
1148 1635 1452 1714 πρέσβεις
1475 1633 1754 1713 πέμπειν
1781 1627 1868 1706 ὠς
1893 1632 2227 1694 Φίλιππον

321 1740 665 1817 ἐπείσθητε
688 1726 792 1798 ὑπ’
817 1727 1282 1813 Ἀριστοδήμου
1302 1732 1411 1793 καὶ
1427 1734 1899 1812 Νεοπτολέμου
1920 1729 2030 1793 καὶ
2043 1733 2230 1809 Κτη-

322 1839 653 1917 σιφῶντος
677 1832 940 1895 καὶτῶν
967 1827 1188 1893 ἄλλων
1211 1835 1346 1892 τῶν
1371 1830 1631 1893 ἐκεῖθεν
1667 1825 2226 1909 ἀπαγγελλόντων

325 1928 470 1996 οὐδ’
514 1928 742 1995 ὁτιοῦν
765 1925 971 2011 ὑγιὲς,
1015 1934 1306 2009 γίγνεται
1328 1934 1463 1991 τῶν
1487 1927 1831 2010 πρέσβεων
1852 1924 2110 1991 τούτων
2137 1918 2229 2000 εἷς

321 2030 431 2096 καὶ
455 2020 648 2104 οὗτος
662 2078 679 2110 ,
707 2022 825 2109 οὐχ
851 2023 937 2101 ὡς
958 2034 1093 2090 τῶν
1116 2023 1651 2108 ἀποδωσομένων
1676 2022 1755 2088 τά
1780 2021 2064 2109 ὑμέτερα
2087 2019 2229 2090 οὐδ’

325 2126 413 2204 ὡς
434 2127 570 2192 τῶν
593 2123 1126 2191 πεπιστευκότων
1146 2131 1240 2210 τῷ
1263 2130 1599 2208 Φιλίππῳ,
1646 2120 1790 2187 ἀλλ’
1822 2120 1910 2198 ὡς
1932 2130 2067 2186 τῶν
2091 2146 2228 2204 φυ-

323 2225 658 2304 λαξόντων
692 2222 848 2298 τοὺς
883 2221 1157 2298 ἄλλους·
1208 2218 1314 2285 διὰ
1350 2220 1476 2302 γὰρ
1518 2218 1675 2296 τούς
1708 2223 2230 2304 προειρημένους

326 2323 567 2405 λόγους
600 2322 710 2386 καὶ
743 2318 863 2402 τὴν
899 2317 1063 2403 πρὸς
1107 2317 1223 2383 τὸν
1249 2325 1581 2384 Φίλιππον
1599 2316 1959 2401 ἀπέχθειαν
1981 2316 2232 2400 ταύτην
2287 2326 2289 2328 ’

243 2454 309 2505 13
330 2420 595 2496 εἰκότως
619 2420 764 2500 περὶ
789 2416 995 2483 αὐτοῦ
1021 2418 1257 2493 πάντες
1284 2426 1482 2500 εἴχετε
1502 2414 1626 2499 τὴν
1664 2415 1880 2493 δόξαν.
1949 2422 2234 2496 προσελ-

323 2516 474 2583 ,θεὸν
512 2524 741 2582 τοίνυν
775 2516 915 2598 ἐμοὶ
951 2513 1111 2596 μετὰ
1148 2524 1353 2579 ταῦτα
1390 2514 1815 2579 συνετάττετο
1853 2520 2045 2598 κοινῇ
2070 2537 2235 2594 πρε-

328 2612 621 2699 σβεύειν,
665 2614 774 2677 καὶ
798 2610 973 2686 ὅπως
1006 2608 1125 2674 τὸν
1158 2609 1400 2692 μιαρὸν
1432 2613 1541 2674 καὶ
1575 2607 1814 2691 ἀναιδῆ
1848 2609 2356 2690 φυλάξομεν345

328 2711 720 2796 ἀμφότεροι,
770 2710 890 2773 τὸν
927 2708 1380 2790 Φιλοκράτην,
1429 2705 1639 2771 πολλοὶ
1677 2706 2223 2790 παρεκελεύσατο.

328 2813 436 2892 καὶ
459 2814 642 2894 μέχρι
663 2816 783 2875 τοῦ
807 2803 977 2889 δεῦρ’
1016 2809 1410 2871 ἐπανελθεῖν
1445 2803 1573 2870 ἀπὸ
1613 2812 1728 2890 τῆς
1765 2803 2029 2888 πρώτης
2065 2828 2231 2886 πρε-

330 2916 550 2993 σβείας
565 2912 675 2992 ἐμὲ
695 2914 883 2990 γοῦν,
903 2898 954 2971 ὦ
979 2904 1211 2986 ἄνδρες
1226 2901 1590 2988 Ἀθηναῖοι,
1610 2904 2098 2987 διεφθαρμένος
2122 2903 2234 2968 καὶ

328 3003 678 3089 πεπρακώς
722 3003 955 3069 ἑαυτὸν
999 3002 1345 3067 ἐλάνθανε.
1415 3003 1611 3083 χωρὶς
1655 3000 1783 3083 γὰρ
1827 3008 1962 3065 τῶν
2008 2998 2234 3063 ἄλλων

330 3093 454 3185 ὧν,
505 3100 667 3184 ὅπερ
708 3101 924 3182 εἶπον,
976 3099 1219 3182 εἰρήκει
1242 3096 1600 3180 πρότερον,
1649 3095 1935 3172 ἀναστὰς
1958 3103 2036 3181 τῇ
2062 3119 2233 3176 προ-

329 3203 482 3285 τέρα
505 3225 637 3264 των
661 3202 1050 3281 ἐκκλησιων,
1095 3199 1164 3260 έν
1189 3202 1289 3271 αἱς
1311 3198 1458 3277 περὶ
1481 3202 1595 3278 τῆς
1619 3194 1883 3278 εἰρήνης
1915 3193 2233 3278 ἐβουλεύ-

332 3307 511 3379 εσθε,
535 3296 771 3382 ἤρξατο
797 3293 1025 3380 ἀρχην,
1042 3291 1127 3377 ἢν
1152 3291 1276 3376 ε’γω
1305 3296 1412 3359 καὶ
1436 3307 1570 3370 τοις
1592 3294 1879 3378 ῥήμασιν
1900 3292 2078 3377 οἶμαι
2095 3304 2232 3369 τοῖς

333 3394 551 3471 αυτοῖς
587 3390 813 3476 οἷσπερ
843 3395 1045 3470 οὖτος
1082 3390 1263 3457 εἶπεν
1299 3395 1371 3457 ἐν
1406 3389 1562 3476 ὑμῖν
1546 3389 2232 3551 ἀπομνημονεύσεινῶ

86 3477 91 3571 ξ
245 3489 334 3564 14
336 3486 426 3558 ‘sl
446 3492 623 3574 πάνυ
658 3488 896 3557 πολύν”
937 3488 1101 3575 ε’φη
1110 3490 1382 3574 ”χρόνον
1408 3488 1669 3557 ἐσκόπει
1690 3487 2230 3573 Φιλοτιιράτης,ω
