2622 4065
512 320 766 379 ΠΕΡΙ
825 321 1042 382 ΤΗΣ
1089 324 2018 392 ΠΑΡΛΠΡΕΣΒΕΙΑΣ
2080 336 2218 400 ’331

310 475 541 561 ἠξίουν
564 475 735 561 ὑμᾶς
758 477 883 563 ἐγώ
905 483 1016 545 καὶ
1039 481 1296 560 τούτοις
1319 489 1546 569 ἔλεγον
1565 496 1753 555 πλεϊν
1773 487 1894 574 τὴν
1912 499 2219 579 ταχίστην

310 571 419 657 ἐφ’
452 571 936 659 Ελλησπόντου
969 582 1079 644 καὶ
1112 580 1197 664 μὴ
1235 585 1563 666 προέσθαι
1596 586 1751 671 μηδ’
1793 592 1983 654 ἐᾶσαι
2015 618 2219 657 κατα-

312 683 490 755 σχεῖν
529 678 857 739 Φίλιππον
897 677 1102 760 μηδὲν
1146 681 1217 743 ἐν
1260 689 1354 767 τῷ
1386 682 1625 765 μεταξυ
1658 687 1878 806 χρόνω
1915 715 2053 754 των
2088 693 2227 757 ἐκεῖ

186 779 286 832 151
311 774 588 853 χωρίων.
645 769 833 857 ῄδειν
853 772 980 858 γὰρ
1006 772 1341 861 ἅκριβως
1318 777 1416 843 ότι
1441 779 1648 847 πάνθ’
1679 782 1784 848 0'6'
1811 782 1895 851 ἄν
1919 790 1995 851 ἐκ
2015 793 2218 860 πολέ-
2280 819 2283 820 ’

312 893 442 949 μου
462 872 854 954 γιγνομένης
878 872 1140 957 εἰρήνης
1163 885 1426 992 προεθῇ
1440 927 1457 959 ,
1497 889 1700 945 ταῦτα
1722 898 1855 960 τοῖς
1880 883 2214 972 αμελήσα-

312 983 419 1029 σιν
460 962 850 1032 ἀπόλλυται
897 967 1111 1046 οὐδεὶς
1151 998 1279 1058 γαρ
1328 974 1595 1040 πωποθ’
1646 977 1811 1062 ὑπὲρ
1856 1009 1990 1047 των
2035 983 2218 1050 ὅλων

308 1067 602 1139 πεισθεὶς
627 1065 897 1148 εἰρήνην
946 1067 1134 1150 ἄγειν
1185 1067 1353 1155 ὑπὲρ
1386 1097 1522 1137 των
1558 1077 2213 1162 ἐγκαταλειφθέντων

292 1163 368 1237 ἐξ
394 1157 596 1243 αρχῆς
619 1159 905 1246 ἠθέλησε
929 1173 1268 1250 πολεμεῖν,
1318 1165 1481 1235 αλλα
1515 1172 1718 1238 ταῦθ’
1748 1180 1813 1241 οἱ
1831 1179 2213 1264 προλαβόν·

303 1282 406 1332 τες
430 1262 710 1339 ἔχουσιν.
777 1262 972 1344 χωρὶς
1006 1262 1075 1328 65
1098 1265 1353 1329 τούτων
1378 1271 1569 1332 δυοῖν
1587 1279 1935 1356 χρησίμοιν
1960 1275 2041 1339 οὐ
2066 1280 2212 1341 δια-

303 1354 756 1438 μαρτήσεσθαι
791 1355 914 1441 τὴν
950 1359 1144 1426 πόλιν
1176 1360 1486 1449 ἡγούμην
1522 1369 1955 1437 πλευσαντων
1988 1371 2209 1459 ἡμων

300 1479 340 1534 η
375 1477 501 1532 γαρ
540 1453 890 1535 παρόντων
926 1461 1033 1521 καὶ
1067 1485 1233 1524 κατα
1267 1461 1340 1525 τό
1381 1464 1665 1548 ψήφισμ’
1695 1465 1901 1534 αὐτὸν
1927 1474 2211 1555 ἐξορκω-

304 1547 598 1632 σάντων,
645 1576 686 1613 α
720 1553 839 1633 μὲν
872 1554 1126 1637 εἰλήφει
1148 1563 1262 1640 τῆς
1290 1559 1579 1643 πόλεως,
1625 1560 2030 1652 αποδοίσειν,
2075 1595 2215 1634 των

85 1653 111 1707 ᾗ
176 1660 278 1712 152
305 1644 372 1709 65
397 1652 646 1725 λοιπων
683 1645 1075 1735 αφέξεσθαι,
1119 1649 1163 1735 ἦ
1199 1652 1284 1737 μὴ
1314 1667 1665 1734 ποιοῦντος
1688 1669 1894 1726 ταῦτα
1917 1662 2210 1749 (ἐπαγγε-

294 1749 436 1805 λεϊν
467 1769 637 1825 ημας
674 1742 925 1822 ευθέως
950 1753 1182 1834 δεῦρο,
1233 1750 1392 1816 ω’στ’
1418 1758 1492 1819 ἐν
1515 1759 1790 1836 ἐκείνοις
1819 1777 1953 1839 τοῖς
1976 1763 2205 1848 πόρρω

294 1839 403 1901 καὶ
426 1838 720 1904 ἐλάττοσι
741 1841 863 1925 τὴν
886 1852 1271 1924 πλεονεξίαν
1294 1852 1403 1915 καὶ
1438 1849 1559 1934 τὴν
1597 1851 1903 1923 απιστίαν
1941 1860 2206 1939 ἰδόντας

299 1931 468 2017 ὑμας
490 1940 636 2018 περὶ
658 1944 868 2005 τωνδε
889 1968 1025 2007 των
1049 1943 1241 2027 ἐγγυς
1263 1974 1372 2011 και
1397 1949 1737 2037 μειζόνων,
1764 1957 1933 2040 λέγω
1961 1962 2031 2023 65
2051 1967 2207 2025 Φω-

296 2037 467 2098 κέων
488 2036 599 2100 καὶ
617 2042 900 2122 Πυλῶν,
949 2040 1031 2104 οὐ
1054 2044 1498 2127 προήσεσθαι·
1545 2048 1631 2134 μὴ
1660 2055 2112 2139 προλαβόντος
2137 2057 2200 2122 δ’

296 2134 553 2195 ἐκείνου
597 2139 802 2197 ταῦτα
846 2090 1001 2219 μ,ἠδ
1047 2165 1236 2221 υμων
1274 2146 1880 2230 ἐξαπατηθέντων
1850 2150 2090 2218 ἅπαντ’
2131 2181 2205 2219 εν

299 2225 586 2311 ασφαλει
600 2255 679 2295 τα
702 2232 1044 2317 πραγμαθ’
1073 2235 1230 2320 υμῖν
1267 2245 1568 2326 ἔσεσθαι,
1615 2249 1724 2311 καὶ
1747 2247 1902 2328 παρ’
1934 2250 2203 2328 εκόντος

104 2337 107 2339 “
168 2331 269 2386 153
301 2322 620 2408 ὑπάρξειν
653 2327 864 2394 αὐτοῦ
893 2359 973 2396 τα
1012 2338 1246 2400 δίκαια
1313 2340 1420 2403 καὶ
1454 2341 1641 2407 ταῦτ’
1686 2345 1953 2464 εἰκότως
1989 2346 2203 2427 οὕτως

299 2420 773 2510 ὑπελαμβανον
796 2431 979 2505 ε’ξειν.
1051 2439 1109 2497 εἰ
1126 2460 1251 2517 γαρ
1275 2427 1477 2521 ἦσα,ν
1507 2466 1593 2515 ως
1614 2435 1785 2524 ἦσαν
1820 2445 1999 2538 τότε,
2048 2455 2203 2512 Φω-

296 2535 430 2596 κεις
461 2530 559 2586 σω
624 2553 735 2591 και
787 2527 1015 2602 Πύλας
1051 2529 1256 2613 εἶχον,
1304 2535 1550 2610 ἐκεῖνος
1573 2539 1694 2619 μὲν
1717 2539 1966 2606 ουδὲν
1936 2570 2020 2607 αν
2043 2541 2201 2628 υμῖν

294 2615 461 2700 εἶχεν
496 2616 968 2689 ανατείνασθαι
1006 2628 1330 2710 φοβερὸν,
1380 2629 1463 2694 δι’
1507 2628 1546 2695 6
1579 2660 1715 2699 των
1739 2638 2064 2702 δικαίων’
2035 2667 2119 2704 αν
2139 2667 2199 2706 τι
2220 2662 2328 2714 389

297 2719 662 2798 παρείδετε·
709 2718 860 2784 οὔτε
894 2748 1020 2803 γαρ
1053 2750 1215 2788 κατα
1250 2734 1378 2808 γῆν
1415 2729 1774 2811 παρελθων
1811 2732 1962 2798 οὔτε
1998 2740 2205 2803 ναυσι

292 2813 620 2898 κρατήσας
645 2823 731 2892 εἰς
754 2817 873 2901 τὴν
888 2818 1183 2911 Ἀττικὴν
1207 2820 1386 2906 ἥξειν
1413 2830 1680 2908 ἔμελλεν
1693 2827 1919 2913 ,υμεϊς
1945 2829 2062 2896 δ”
2031 2842 2201 2901 εκεί-

289 2935 416 2974 νου
449 2923 871 2999 παραχρῆμα,
921 2924 979 2983 εἰ
1010 2920 1093 3002 μή
1132 2946 1211 2983 τα
1252 2925 1468 2986 δίκαια
1504 2934 1755 3011 ποιοίη,
1798 2935 2082 2996 κλείσειν
2119 2958 2201 2998 τα

205 3041 209 3046 «
288 3006 598 3091 ἐμπόρια,
643 3014 752 3076 καὶ
785 3016 1135 3097 χρημάτων
1158 3018 1217 3082 τ’
1244 3023 1314 3084 ἐν
1341 3023 1574 3088 σπανει
1598 3028 1706 3089 καὶ
1727 3053 1859 3091 των
1880 3028 2102 3094 αλλων
2126 3034 2201 3096 ἐν

288 3108 635 3189 πολιορκία
681 3107 878 3174 παλιν
922 3111 1130 3177 αὐτὸν
1166 3119 1631 3203 καταστήσειν,
1681 3122 1833 3187 ω’στ’
1878 3129 2127 3204 ἐκεῖνος
2160 3120 2199 3194 6

108 3280 110 3282 ι
290 3199 629 3266 δουλεύων
664 3207 932 3286 ἔμελλεν
967 3213 1235 3276 ἔσεσθαι
1272 3230 1406 3290 τοις
1430 3214 1556 3282 απὸ
1581 3227 1695 3303 τῆς
1720 3223 1984 3308 εἰρήνης
2005 3236 2202 3292 λυσι-

100 3345 108 3358 ,
157 3307 261 3370 154
287 3302 620 3382 τελοῦσιν,
670 3297 790 3384 οὐχ
822 3318 1022 3385 υμεις.
1109 3311 1216 3374 καὶ
1238 3311 1439 3377 ταῦθ
1470 3310 1567 3379 ὅτι
1594 3342 1715 3382 ουκ
1742 3322 1843 3384 επὶ
1866 3336 2000 3398 τοῖς
2020 3345 2195 3442 συμ-

284 3395 601 3478 βεβηκόσι
620 3405 748 3464 νῦν
772 3401 1132 3487 πλάττομαι
1156 3411 1265 3473 καὶ
1303 3424 1821 3511 προσποιοῦμαι,
1849 3414 2013 3482 αλλα
2046 3419 2190 3485 τότ’

288 3486 554 3568 ευθυς’
521 3496 834 3577 εγνοόκειν
855 3502 962 3566 και
984 3506 1437 3591 προεωρώμην
1460 3509 1626 3594 ὑπὲρ
1661 3538 1853 3592 υμων
1886 3516 1993 3578 και
2028 3516 2199 3581 τού-
