2622 4065
734 304 992 363 ΠΕΡΙ
1033 303 1155 362 To
1176 273 1246 360 ν
1267 303 1339 360 Σ
1357 254 1778 361 ΤΕΦΑΝο
1796 307 1863 362 ν.
2121 304 2254 368 269

330 464 438 528 καὶ
476 465 735 547 τρέμων
768 462 879 528 καὶ
914 461 1016 527 άεὶ
1062 465 1523 544 πληγήσεσθαι
1565 467 1960 544 προσδοκῶν
2005 463 2099 548 ἐφ’
2149 463 2246 543 οἷς

333 566 554 648 σαυτῷ
590 559 896 647 συνῄδεις
933 557 1308 640 ἀδικοῦντι,
1350 561 1424 623 ἐν
1455 556 1550 635 οἷς
1587 559 1646 624 δ’
1671 557 2011 644 ἠτύχησαν
2038 566 2104 627 οἱ
2124 562 2246 628 άλ-

137 702 139 704 ·
208 669 316 723 264
331 665 469 739 λοι,
506 655 768 740 θρασυς
806 653 901 722 ῶν
934 654 1046 740 υφ’
1069 656 1383 721 ἁπάντων
1420 649 1611 734 ῶψαι.
1676 664 1890 724 καιτοι
1923 657 2107 737 ὅστις
2143 686 2246 743 χι-

331 761 498 821 λίων
531 764 820 822 πολιτῶν
854 753 1345 820 ἀποθανόντων
1381 753 1746 837 ἐθάρρησε,
1790 762 1857 820 τί
1892 760 2090 834 οὗτος
2114 781 2247 823 πα-

330 863 482 918 θεῖν
515 849 644 917 ὑπὸ
684 860 818 918 τῶν
856 851 1121 930 ζεόντων
1175 850 1427 926 δίκαιός
1469 854 1678 929 ἐστιν;
1747 853 1959 919 πολλοὶ
2001 864 2243 921 τοίνυν

330 947 489 1034 ἕτερ’
514 954 722 1015 εἰπεῖν
757 954 924 1032 ἔχων
960 950 1108 1028 περὶ
1145 945 1361 1013 αὐτοῦ
1394 955 1777 1032 παραλείψω
1799 976 1812 988 ·
1861 951 1940 1015 οὐ
1964 950 2091 1035 γὰρ
2129 952 2233 1020 ὅσ’
2255 975 2365 1029 315

332 1044 416 1112 ἄν
439 1050 717 1129 δείξαιμι
739 1043 1052 1128 προσόντ’
1087 1046 1323 1129 αἰσχροὶ
1346 1048 1559 1134 τούτῳ
1596 1048 1707 1112 καὶ
1745 1046 2000 1134 ὀνείδη,
2038 1051 2236 1117 πάντ’

330 1143 510 1226 οἶμαι
556 1148 695 1208 δεῖν
743 1142 1023 1227 εὐχερῶς
1068 1148 1317 1228 λέγειν,
1368 1142 1503 1209 ἀλλ’
1544 1143 1669 1209 ὅσα
1711 1148 1920 1230 μηδὲν
1965 1150 2240 1233 αἰσχρόν

329 1246 504 1307 ἐστιν
533 1247 736 1307 εἰπεῖν
763 1245 919 1325 ἐμοί.

206 1386 306 1439 265
489 1370 823 1447 Ἐξέτασον
847 1376 1080 1436 τοίνυν
1102 1368 1252 1452 παρ’
1279 1369 1529 1453 ἄλληλα
1549 1368 1627 1434 τὰ
1654 1374 1757 1436 σοὶ
1778 1370 1974 1454 κάμοὶ
1995 1380 2238 1457 βεβιω-

327 1470 511 1549 μένα,
537 1466 782 1550 πράως,
809 1467 896 1549 μὴ
922 1474 1190 1550 πικρῶς,
1217 1471 1493 1548 Αἰσχίνη
1513 1492 1525 1504 ·
1575 1466 1689 1531 εἶτ’
1720 1466 2056 1552 ἐρώτησον
2078 1496 2239 1537 του-

325 1566 513 1629 τουσὶ
557 1565 678 1646 τὴν
724 1566 1010 1647 ποτέρου
1054 1563 1258 1647 τύχην
1302 1559 1390 1628 ἂν
1436 1562 1639 1629 ἕλοιθ’
1679 1567 1949 1643 ἕκαστος
1991 1564 2231 1634 αὐτῶν.

327 1664 660 1738 ἐδίδασκες
683 1662 1066 1747 γράμματα,
1094 1657 1220 1743 ε’γῶ
1252 1658 1310 1725 δ’
1345 1663 1645 1742 ἐφοίτων.
1718 1665 1985 1746 ἐτέλεις,
2012 1663 2138 1747 ἐγῶ
2167 1667 2231 1730 δ’

326 1760 702 1842 ἐτελούμην.
751 1760 1082 1842 ἐχόρευες,
1109 1755 1233 1839 ἐγῶ
1262 1756 1323 1822 δ’
1353 1758 1728 1840 ἐχορήγουν.
1781 1763 2234 1845 ἐγραμμάτευ-

326 1881 412 1938 ες,
435 1854 558 1937 έγῶ
588 1853 649 1919 δ’
675 1853 1128 1939 ἠκκλησίαζον.
1176 1858 1750 1939 ἐτριταγωνίστεις,
1776 1856 1901 1939 ἐγώ
1932 1858 1991 1924 δ’
2021 1860 2235 1926 ἐθεῶ-

327 1978 511 2037 ρουν.
563 1955 921 2035 ἐξέπιπτες,
949 1953 1072 2036 ἐγὼ
1100 1950 1160 2017 δ’
1192 1951 1553 2037 ἐσύριττον.
1618 1951 1787 2037 ὑπὲρ
1811 1964 1948 2021 τῶν
1971 1961 2234 2044 ἐχθρῶν

202 2062 304 2118 266
323 2057 787 2116 πεπολίτευσαι
825 2052 1077 2134 πάντα,
1124 2049 1250 2133 ἐγῶ
1289 2050 1353 2115 δ’
1389 2049 1555 2135 ὑπὲρ
1593 2060 1707 2136 τῆς
1741 2061 2067 2140 πατρίδος.
2144 2063 2258 2124 ἐῶ

321 2146 543 2229 τᾶλλα,
569 2145 733 2213 ἀλλὰ
755 2151 908 2213 νυνὶ
942 2148 1229 2231 τήμερον
1253 2147 1378 2229 ἐγώ
1405 2149 1527 2230 μὲν
1551 2145 1716 2231 ὑπὲρ
1740 2159 1862 2215 τοῦ
1886 2173 2234 2236 στεφανω-

321 2254 530 2329 θῆναι
555 2245 1011 2330 δοκιμάζομαι,
1048 2243 1120 2310 τό
1150 2247 1220 2310 δὲ
1244 2243 1395 2328 μηδ’
1427 2243 1653 2311 ὁτιοῦν
1678 2246 1932 2315 ἀδικεῖν
1960 2249 2228 2336 άνωμο-

322 2341 638 2427 λόγημαι,
678 2344 780 2409 σοὶ
817 2344 886 2409 δὲ
922 2342 1311 2428 συκοφάντῃ
1349 2343 1470 2425 μὲν
1496 2342 1661 2408 εἶναι
1686 2350 1905 2412 δοκεῖν
1928 2345 2229 2435 ὑπάρχει,

329 2442 740 2517 κινδυνεύεις
756 2442 835 2509 δὲ
859 2452 985 2507 εἴτε
1011 2447 1109 2507 δεῖ
1128 2440 1195 2506 σ’
1220 2447 1313 2506 ἔτι
1334 2448 1529 2507 τοῦτο
1557 2456 1790 2527 ποιεῖν,
1819 2444 1937 2510 εἴτ’
1961 2445 2089 2531 ἤδη
2113 2470 2233 2512 πε-

329 2547 630 2604 παῦσθαι
649 2536 737 2621 μὴ
764 2539 1218 2622 μεταλαβόντα
1240 2537 1315 2602 τὸ
1340 2540 1535 2619 μέρος
1557 2547 1694 2603 τῶν
1725 2542 1989 2623 ψήφων.
2063 2543 2233 2626 ἀγα-

327 2640 419 2719 θῇ
444 2630 522 2717 γ’,
548 2632 669 2717 οὐχ
693 2634 882 2719 ὁρᾷς;
935 2634 1098 2718 τύχη
1126 2632 1596 2716 συμβεβιωκὼς
1616 2643 1732 2719 τῆς
1751 2640 1910 2721 ἐμῆς
1936 2637 2024 2715 ῶς
2048 2641 2231 2723 φαύ-

328 2738 442 2813 λης
465 2743 863 2815 κατηγορεῖς.

205 2876 306 2928 267
496 2865 667 2940 Φέρε
692 2858 768 2941 δή
800 2860 1044 2935 καὶτὰς
1065 2866 1199 2924 τῶν
1232 2868 1663 2943 λειτουργιῶν
1698 2871 2091 2949 μαρτυρίας,
2132 2858 2232 2931 ῶν

324 2956 862 3039 λελειτούργηκα,
908 2955 1064 3039 ὑμῖν
1102 2955 1386 3040 ἀναγνῶ.
1456 2955 1600 3044 παρ’
1632 2957 1709 3035 ἃς
1742 2963 2232 3046 παρανάγνωθι

324 3055 432 3115 καὶ
456 3051 542 3116 σύ
569 3078 684 3136 μοι
702 3051 817 3129 τὰς
841 3053 1057 3138 ῥήσεις
1080 3053 1155 3130 ἂς
1178 3059 1557 3138 ἐλυμαίνου,

627 3163 752 3246 ἥκω
774 3175 1001 3249 νεκρῶν
1026 3176 1346 3250 κευθμῶνα
1368 3174 1467 3232 καὶ
1492 3169 1702 3234 σκότου
1723 3173 1912 3248 πύλας

327 3263 434 3327 καὶ

633 3370 1013 3443 κακαγγέλεῖν
1035 3366 1142 3445 μὲν
1162 3369 1292 3429 ἴσθι
1316 3363 1397 3447 μὴ
1419 3367 1673 3431 θέλοντά
1696 3396 1780 3449 με,

335 3477 442 3538 καὶ
465 3473 674 3540 κακὸν
696 3481 912 3553 κακῶς
936 3497 1008 3542 σε
1033 3477 1311 3561 μάλιστα
1337 3480 1457 3563 μὲν
1487 3485 1554 3546 οὗ
1575 3483 1754 3563 θεοὶ,
1798 3484 2017 3543 ἔπειτα
2040 3470 2225 3545 οὗτοι
