2622 4065
404 279 527 340 296
828 286 969 340 X1x.
1047 266 1885 347 ΔΗΜΟΣΘΕΝΟΤΣ

403 440 475 506 δὲ
510 442 621 507 καὶ
642 438 977 517 Πλαταιὰς
1013 444 1446 526 οἰκιζομένας,
1493 448 1585 530 τῷ
1621 453 1765 531 θεῷ
1799 448 1869 514 δὲ
1903 449 1983 514 τὰ
2016 450 2313 536 χρήματα

405 539 923 623 εἰσπραττόμενοι
947 536 1027 603 οὐ
1050 536 1227 622 παρὰ
1252 539 1575 623 Φωκέων,
1611 538 1776 608 ἀλλὰ
1799 545 1976 628 παρὰ
2003 556 2312 633 Θηβαίων

402 643 541 701 τῶν
573 635 1090 720 βουλευσάντων
1125 638 1247 719 τὴν
1285 637 1655 721 κατάληψιν
1699 651 1820 706 τοῦ
1862 647 2076 727 ἱεροῦ·
2126 648 2312 713 διδά-

403 749 591 798 σκειν
630 733 759 818 γὰρ
803 731 1004 810 αὐτὸς
1049 739 1175 819 ἔφη
1219 733 1337 800 τὸν
1379 742 1710 803 Φίλιππον
1746 739 1848 807 ὅτι
1881 741 2079 809 οὐδὲν
2112 741 2313 828 ἧττον

400 828 808 916 ἠσεβήκασιν
846 836 913 898 οἱ
945 833 1459 917 βεβουλευκότες
1495 843 1629 901 τῶν
1650 850 1789 914 ταῖς
1811 843 1992 922 χερσὶ
2015 843 2311 924 πραξάν-

399 951 553 1013 των,
581 930 691 995 καὶ
716 927 823 995 διὰ
847 939 1055 996 ταῦτα
1076 931 1371 1017 χρήμαθ’
1399 934 1611 1023 ἑαυτῷ
1633 934 1788 1013 τοὺς
1814 946 2144 1023 Θηβαίους
2167 944 2306 1007 ἐπι-

312 1038 379 1088 22
398 1030 852 1111 κεκηρυχέναι.
924 1027 1198 1095 ἀκούειν
1233 1035 1274 1095 δ
1278 1033 1307 1096 ὲ
1341 1034 1449 1097 καὶ
1469 1040 1606 1100 τῶν
1626 1032 1942 1121 Εὐβοέων
1965 1041 2159 1105 ἐνίων
2182 1045 2307 1125 ἔφη

397 1129 885 1210 πεφοβημένων
920 1130 1029 1192 καὶ
1070 1132 1572 1214 τεταραγμένων
1604 1130 1727 1215 τὴν
1761 1131 1925 1216 πρὸς
1957 1134 2079 1219 τὴν
2114 1137 2311 1204 πόλιν

398 1223 767 1306 οἰκειότητα
802 1230 1109 1289 Φιλίππω
1152 1230 1628 1313 γεγενημένην,
1676 1228 1776 1294 ότι
1814 1228 1940 1296 “ου
1983 1233 2311 1316 λελήθατε

385 1316 632 1405 “ἡμᾶς,
682 1347 732 1386 ω
758 1320 997 1402 α’νδρες
1033 1323 1364 1408 πρέσβεις,
1411 1323 1520 1409 ἐφ’
1561 1323 1656 1402 οἷς
1682 1336 2047 1412 πεποίησθε
2069 1329 2193 1414 τὴν
2215 1337 2310 1397 εὐ·
2328 1340 2434 1395 348

387 1413 646 1500 “ρηνην
671 1417 835 1500 πρὸς
860 1426 1226 1503 Φίλιππον,
1275 1419 1419 1486 οὐδ’
1450 1419 1828 1508 ἄγνοουμεν
1855 1425 1956 1492 ὅτι
1980 1426 2164 1512 υμεῖς
2186 1431 2307 1513 μὲν

387 1511 808 1636 :ssyw'wokw
853 1514 1174 1582 δεδώκατ’
1210 1521 1470 1605 ἐκείνω,
1520 1529 1842 1601 Φίλιππος
1881 1524 1941 1590 δ’
1976 1542 2134 1610 υμιν
2164 1525 2308 1592 Εὔ-

387 1609 626 1696 “βοιαν
665 1611 1046 1699 ωμολόγηκε
1082 1614 1553 1698 παραδώσειν.”
1621 1617 1787 1684 εἶναι
1830 1627 2052 1705 μέντοι
2093 1650 2155 1688 τι
2197 1628 2308 1690 καὶ

393 1709 556 1775 α’λλο
596 1715 1010 1797 διωκημένον
1042 1709 1256 1801 αύτω,
1304 1712 1385 1778 ού
1417 1715 1554 1800 μήν
1586 1740 1688 1781 πω
1723 1728 1915 1784 τοῦτο
1936 1722 2307 1804 βούλεσθαι

389 1810 636 1890 λέγειν·
682 1807 938 1892 καὶγὰρ
969 1816 1102 1875 νῦν
1127 1821 1414 1895 φθονεῖν
1436 1811 1617 1890 τινας
1642 1813 1824 1902 αὐτῷ
1843 1823 1979 1881 τῶν
2011 1822 2307 1902 συμπρέ-

391 1911 627 1988 σβεων.
699 1904 1088 1992 ὑπῃνίττετο
1130 1906 1189 1974 δ’
1219 1907 1395 1975 οὕτω
1422 1913 1530 1976 καὶ
1553 1915 1933 1998 παρεδήλου
1954 1913 2074 1981 τὸν
2091 1914 2305 2001 Ώρω-
2358 1948 2363 1952 ·

302 2019 372 2074 23
391 2002 542 2070 πόν.
593 2003 966 2089 εὐδοκιμῶν
989 2002 1051 2071 δ’
1080 2009 1185 2072 ἐπὶ
1211 2009 1469 2086 τούτοις
1494 2010 1760 2090 εἰκότως
1776 2063 1793 2095 ,
1819 2015 1926 2079 καὶ
1951 2019 2171 2081 δοκεῖν
2193 2017 2302 2081 καὶ

384 2104 604 2189 ῥήτωρ
630 2104 896 2185 ἄριστος
919 2104 1087 2171 εἶναι
1112 2108 1220 2172 καὶ
1243 2104 1413 2192 ἀνὴρ
1439 2110 1844 2195 θαυμαστὸς,
1861 2116 2100 2198 κατέβη
2123 2114 2302 2196 μάλα

383 2209 657 2285 σεμναῖς.
726 2198 1017 2279 ἀναστὰς
1054 2201 1117 2268 δ’
1155 2203 1280 2287 ἐγω
1316 2207 1527 2272 ταῦτά
1561 2234 1630 2273 τε
1676 2207 1797 2274 οὐκ
1845 2215 2014 2295 ἔφην
2060 2214 2303 2276 εἰδέναι

381 2302 495 2367 καὶ
538 2300 913 2385 ἐπειρώμην
954 2325 1017 2366 τι
1061 2306 1277 2384 λέγειν
1319 2305 1579 2369 τούτων
1625 2297 1720 2369 ὧν
1761 2313 1849 2382 εἰς
1889 2308 2012 2388 τὴν
2045 2304 2301 2391 βουλὴν

384 2393 768 2481 ἀπήγγειλα.
816 2398 926 2462 καὶ
949 2396 1288 2476 παραστὰς
1311 2397 1343 2463 ὁ
1374 2398 1495 2483 μὲν
1519 2405 1717 2467 ἔνθεν
1733 2452 1751 2484 ,
1777 2400 1810 2468 ὁ
1839 2400 1897 2467 δ’
1927 2408 2149 2488 ἔνθεν,
2176 2401 2298 2470 οὖ-

380 2496 526 2559 τοσὶ
550 2495 661 2559 καὶ
684 2494 1130 2579 Φιλοκράτης,
1157 2495 1399 2581 ἐβόων,
1427 2500 1779 2583 ἐξέκρουόν
1800 2526 1909 2584 με,
1935 2510 2296 2568 τελευτῶν-

379 2617 486 2667 τες
510 2591 878 2676 ἐχλεύαζον.
929 2590 1112 2676 ὑμεῖς
1136 2597 1175 2659 δ
1183 2590 1197 2614 ’
1228 2597 1507 2680 ἐγελᾶτε,
1533 2598 1643 2662 καὶ
1667 2593 1809 2662 οὔτ’
1836 2595 2107 2675 ἀκούειν
2129 2596 2296 2684 ἠθέ-

379 2699 525 2758 λετε
569 2690 725 2757 οὔτε
767 2692 1104 2757 πιστεύειν
1162 2692 1522 2776 ἐβούλεσθε
1564 2694 1728 2760 ἄλλα
1772 2694 1946 2779 πλὴν
2001 2693 2043 2762 δι’
2099 2690 2295 2773 οὗτος

289 2803 362 2858 24
381 2787 793 2874 ἀπηγγέλκει.
866 2792 977 2855 καὶ
1010 2788 1092 2873 νὴ
1128 2789 1282 2867 τοὺς
1304 2790 1508 2868 θεοὺς
1531 2792 1705 2869 εἰκός
1729 2818 1790 2857 τι
1811 2803 2056 2859 παθεῖν
2076 2800 2294 2878 ἔμοιγε

381 2893 663 2955 δοκεῖτε·
710 2893 805 2963 τίς
841 2887 967 2970 γὰρ
1005 2883 1092 2951 ἂν
1114 2886 1457 2972 ἠνέσχετο,
1501 2897 1855 2973 τηλικαῦτα
1878 2894 1986 2958 καὶ
2006 2902 2295 2958 τοσαῦτα

378 2992 655 3055 ἔσεσθαι
673 2990 1070 3072 προσδοκων
1090 2983 1382 3071 αγαθα,
1350 3015 1390 3071 η
1411 2984 1601 3052 ταῦθ’
1622 3012 1707 3065 ως
1725 2986 1848 3055 οὐκ
1867 2993 2044 3055 ἔσται
2060 2994 2294 3074 λέγον-

374 3085 490 3162 τός
511 3111 709 3167 τινος,
729 3081 773 3170 ἦ
797 3093 1327 3170 κατηγοροῦντος
1351 3113 1483 3152 των
1506 3090 1985 3172 πεπραγμένων
2004 3089 2291 3167 τούτοις;

374 3208 597 3250 παντα
627 3210 756 3267 γαρ
779 3182 966 3249 ταλλ’
970 3184 1238 3269 ,οἷμαι,
1284 3185 1434 3250 τότε
1460 3186 1792 3270 δεύτερα
1754 3215 1842 3271 ην
1862 3213 1996 3254 των
2020 3186 2292 3254 ὑποκει-

372 3284 598 3368 μένων
619 3289 1043 3368 προσδοκιων
1066 3286 1174 3350 καὶ
1195 3310 1330 3349 των
1352 3289 1657 3370 ἐλπίδων,
1676 3290 1741 3351 οἱ
1762 3283 1813 3351 δ’
1842 3284 2291 3368 αντιλέγοντες

369 3380 563 3467 ὄχλος
585 3381 800 3460 ἄλλως
819 3384 930 3448 καὶ
944 3390 1273 3468 βασκανία
1293 3392 1744 3469 κατεφαίνετο,
1774 3391 1979 3450 ταῦτα
2005 3383 2076 3449 δὲ
2109 3393 2289 3448 θαυ-

366 3478 541 3565 μάσί
566 3477 764 3567 ἡλίκα
786 3484 893 3547 καὶ
919 3477 1318 3567 συμφέροντ’
1336 3482 1548 3549 ἐδόκει
1573 3488 1950 3566 πεπρᾶχθαι
1967 3488 2051 3566 τῇ
2080 3481 2280 3548 πόλει.
