2622 4065
409 278 534 339 294
845 287 985 342 X1x.
1060 287 1742 409 ΛΗΜοΣοΕΝο
1763 299 1893 356 ΤΣ

396 435 684 562 ζᾶνδρες
702 439 1062 529 Ἀθηναῖοι,
1079 470 1218 523 πως
1238 445 1322 511 α“ν
1343 447 1574 532 ἄριστα
1597 456 2021 576 ἐναντιωθείη
2041 469 2121 545 τῇ
2145 442 2322 548 εἰρή-

396 535 550 660 Ξνη,
569 538 693 607 οὐκ
718 538 804 608 ἄν
827 541 1032 611 αὐτὸν
1054 543 1328 629 ἄμεινον
1352 545 1571 632 εὑρεῖν
1599 561 1774 636 οἰμαι
1793 551 1839 639 η
1865 567 2134 624 τοιαῦτα
2154 562 2323 647 γρά-

398 629 676 759 ζῳοντα.
711 638 837 721 ἐγω
860 641 929 707 δὲ
944 644 1193 727 ταύτην
1214 645 1334 728 μὲν
1351 644 1474 730 τὴν
1493 650 1781 735 εἰρήνην,
1799 656 1916 731 ἕως
1933 652 2111 734 ἆνεῖς
2124 659 2282 744 Ἀθη
2295 705 2331 712 -

400 732 652 803 “ναίων
675 746 990 824 λείπηται,
1018 741 1318 809 οὐδέποτ’
1344 740 1427 809 ἀν
1452 753 2015 874 συμβουλεύσαιμι
2040 758 2320 841 ποιήσα-

397 828 602 898 “afim
618 841 695 921 τῇ
711 837 900 903 πόλει
904 840 1208 947 ,εἰρήνην
1224 845 1443 925 μέντοι
1464 849 1628 929 φημὶ
1645 851 1782 914 δειν
1799 853 2182 920 ποιεισθαιῗ
2207 883 2315 921 και

318 952 384 1002 15
404 933 749 1012 τοιούτους
770 964 955 1014 τινας
981 948 1118 1004 ειπε
1143 946 1401 1023 βραχεις
1424 945 1531 1007 καὶ
1554 952 1855 1062 μετρίους
1874 950 2134 1032 λόγους.
2183 950 2216 1018 ὁ
2245 953 2314 1017 δε

404 1030 596 1097 ταῦτ’
652 1034 857 1099 εἰπων
903 1043 983 1122 τῇ
1028 1042 1321 1126 προτέρα
1369 1065 1638 1106 παντων
1676 1040 2063 1107 ἀκουόντων
2105 1069 2317 1127 υμων,

406 1135 497 1207 εἰς
536 1129 660 1215 τὴν
707 1131 1030 1220 ὑστέραν,
1081 1162 1154 1200 εν
1190 1141 1231 1223 ᾑ
1270 1163 1395 1221 την
1435 1140 1707 1222 εἰρήνην
1745 1144 1877 1205 ἔδει
1915 1146 2318 1226 κυροῦσθαι,

402 1224 570 1306 ἐμοῦ
601 1232 697 1311 τῷ
732 1232 864 1291 τῶν
902 1227 1267 1309 συμμάχων
1311 1238 1846 1311 συνηγοροῦντος
1892 1233 2161 1318 δόγματι
2201 1240 2312 1301 καὶ

398 1321 523 1405 τήν
549 1323 894 1408 εἰρήνην,
868 1324 1047 1401 όπως
1074 1335 1177 1407 ἴση
1202 1327 1314 1390 και
1336 1330 1554 1391 δικαία
1578 1332 1860 1411 γένηται,
1886 1332 2308 1418 πράττοντος,

402 1421 510 1483 καὶ
536 1417 728 1502 ὑμων
752 1426 1185 1505 βουλομένων
1209 1431 1416 1487 ταῦτα
1440 1426 1549 1489 καὶ
1573 1426 1727 1491 οὐδε
1763 1426 1999 1512 φωνὴν
2035 1430 2309 1496 ἐθελόν-

398 1542 533 1581 των
558 1515 831 1583 ακού-ειν
853 1528 974 1584 τοῦ
1010 1519 1472 1586 καταπτύστου
1499 1523 1981 1607 Φιλοκράτους,
2027 1524 2312 1603 αναστας

401 1616 794 1699 ἐδημηγόρει
826 1621 937 1683 καὶ
976 1619 1330 1701 συνηγόρει
1373 1622 1598 1683 ἐκείνω
1645 1629 1908 1686 πολλων
1954 1622 2205 1707 αξίους,
2255 1652 2306 1689 ω

311 1725 378 1778 16
396 1719 535 1777 Ζευ
568 1716 677 1778 καὶ
713 1739 952 1790 παντες
983 1717 1166 1797 θεοι,
1210 1716 1533 1781 θανάτων
1568 1717 1842 1802 λόγους,
1893 1747 1976 1796 ως
2001 1720 2154 1785 ούτε
2175 1746 2311 1787 των

396 1810 751 1894 προγόνων
785 1809 960 1894 ὑμᾶς
996 1820 1376 1897 μεμνῆσθαι
1417 1816 1552 1879 δέοι
1588 1814 1739 1879 οὔτε
1769 1824 1903 1880 τῶν
1924 1814 2005 1881 τὰ
2027 1818 2309 1900 τρόπαια

393 1908 502 1973 καὶ
525 1907 640 1984 τὰς
664 1917 1028 1993 ναυμαχίας
1050 1911 1386 1993 λεγόντων
1421 1911 1803 1995 ανέχεσθαι,
1853 1914 2064 1996 νόμον
2086 1941 2155 1980 τε
2177 1917 2311 2000 θή-

397 2024 538 2072 σειν
573 2010 686 2074 και
719 2009 1004 2092 γράψειν
1036 2013 1266 2093 μηδενι
1300 2019 1436 2076 τῶν
1448 2008 1782 2095 Ελλήνων
1818 2007 1984 2094 ὑμας
2006 2019 2304 2097 βοηθειν,

392 2100 465 2181 ὃς
502 2100 588 2169 ἂν
626 2133 713 2190 μη
753 2107 1073 2190 πρότερος
1110 2108 1544 2226 βεβοηθηκως
1579 2110 1737 2193 ὑμιν
1771 2113 1833 2194 ᾖ.
1897 2111 2007 2176 καὶ
2038 2110 2239 2177 ταῦθ’
2271 2110 2431 2179 5346

390 2205 679 2286 σχέτλιος
700 2232 810 2270 και
832 2202 1104 2290 αναιδης
1127 2233 1319 2283 ουτος
1344 2208 1582 2291 ἐτόλμα
1605 2211 1819 2291 λέγειν
1844 2210 2300 2291 ἐφεστηκότων

386 2306 523 2364 τῶν
550 2304 894 2384 πρέσβεων
917 2306 1026 2368 καὶ
1048 2302 1470 2387 ακουόντων,
1520 2331 1635 2381 ους
1666 2303 1793 2370 απὸ
1820 2331 1955 2369 των
1968 2304 2300 2389 Ἑλλήνων

388 2398 900 2480 μετεπέμψασθε
922 2398 1054 2463 ὑπὸ
1082 2402 1325 2465 τούτου
1367 2405 1778 2487 πεισθέντες,
1824 2402 1918 2468 ὅτ’
1963 2402 2145 2469 οὔπω
2181 2429 2300 2470 πε-

299 2563 307 2566 ,
391 2493 660 2579 πρακως
685 2492 891 2560 αὑτὸν
913 2488 1018 2580 ἦν.

214 2643 216 2645 .
301 2619 364 2675 ῃ
544 2589 810 2676 Ὃνμὲν
835 2587 960 2659 οὖν
984 2595 1263 2681 τρόπον,
1314 2590 1368 2662 οἷ
1405 2597 1642 2682 ἄνδρες
1666 2597 2031 2683 Ἀθηναῖοι,
2080 2626 2298 2684 χειρο-

384 2692 820 2776 τονησαντων
856 2720 1047 2776 υμων
1087 2698 1190 2760 ἐπι
1223 2722 1380 2772 τους
1419 2695 1661 2780 ὅρκους
1686 2694 1893 2763 αὐτὸν
1916 2699 2117 2763 πάλιν
2140 2698 2299 2773 τούς

387 2816 454 2854 τε
491 2791 775 2874 χρόνους
810 2797 1155 2871 κατέτριψε
1192 2796 1298 2859 καὶ
1334 2821 1413 2859 τα
1448 2818 1797 2878 πραγματα
1822 2793 2016 2859 παντ’
2054 2795 2298 2919 ἐλυμή-

385 2913 546 2954 νατο
580 2914 660 2954 τα
698 2897 812 2974 τῆς
847 2890 1133 2974 πόλεως,
1179 2895 1289 2958 καὶ
1327 2890 1475 2957 ὅσαι
1511 2895 1659 2975 περι
1692 2893 1947 2958 τούτων
1969 2894 2110 2975 ἐμοὶ
2134 2892 2298 2973 πρὸς
2339 2964 2342 2966 ,

383 2992 628 3052 τοῦτον
651 2984 997 3071 απέχθειαι
1019 2994 1397 3074 συνέβησαν
1421 2998 1802 3078 βουλομένω
1827 2991 2144 3074 κωλύειν,
2172 2989 2297 3055 αύ-

377 3091 530 3151 τίκα
577 3082 979 3153 ἀκούσεσθε,
1070 3088 1217 3154 ἀλλ’
1265 3091 1485 3174 ἐπειδὴ
1533 3091 1732 3156 πάλιν
1771 3088 2021 3174 ἥκομεν
2063 3093 2134 3157 ἐκ
2179 3096 2296 3173 τῆς

380 3189 732 3268 πρεσβείας
754 3185 997 3270 ταύτης
1020 3193 1134 3271 τῆς
1158 3190 1259 3252 ἐπὶ
1283 3186 1441 3265 τους
1478 3187 1748 3274 ὅρκους,
1787 3180 1998 3273 ἧσπερ
2038 3190 2297 3256 εἰσὶναί

376 3289 511 3348 νῦν
547 3280 868 3368 εὔθυναι,
920 3284 1072 3350 οὔτε
1108 3286 1348 3369 μικρὸν
1384 3285 1536 3352 οὔτε
1561 3290 1723 3371 μέγα
1749 3284 1895 3352 οὐδ’
1924 3285 2153 3352 ὁτιοῦν
2179 3284 2293 3350 εὑ-

377 3371 653 3467 ρημένοι
686 3389 823 3448 τῶν
860 3380 969 3450 ὅτε
990 3383 1113 3468 τὴν
1138 3385 1408 3470 εἰρήνην
1433 3391 1762 3452 ἐποιεῖσθε
1786 3387 2161 3467 λεχθέντων
2182 3383 2292 3452 καὶ

372 3485 1018 3566 προσδοκηθέντων,
1047 3479 1210 3548 ἄλλα
1238 3482 1431 3548 πάντ’
1463 3485 1962 3567 ἐξηπατημένοι,
1999 3484 2110 3547 καὶ
2135 3473 2291 3546 τού-
2326 3514 2328 3516 ·
