2622 4065
326 248 511 349 ‘¹200
708 276 710 278 ’
790 292 980 347 xvm.
1052 286 1934 367 ΛΗΜΟΣΘΕΝΟῬΣ

302 458 305 461 ’
388 446 532 515 ἀλλ’
575 450 679 516 ἐπὶ
709 446 830 560 τὸν
865 448 1193 531 πόλεμον;
1241 443 1389 511 αλλ’
1433 446 1620 514 αὐτοὶ
1643 452 1790 531 περὶ
1814 453 2076 537 εἰρήνης
2099 456 2296 539 ἐβου-

391 547 689 614 λεύεσθε.
735 546 1021 613 οὐκοῦν
1054 544 1207 611 οὔτε
1240 553 1353 628 τῆς
1387 549 1450 623 ἐξ
1487 544 1686 631 ἀρχῆς
1726 550 1989 666 εἰρήνης
2032 549 2298 635 ἡγεμων

394 644 542 712 οὐδ’
574 657 778 723 αἴτιος
802 643 894 711 ὠν
917 642 1042 727 ἐγω
1070 650 1421 726 φαίνομαι,
1447 643 1601 710 ου’τε
1621 655 1753 712 τῶν
1780 646 1997 714 ἄλλων
2022 676 2116 714 ων
2139 675 2298 716 κατ-

398 743 725 823 εψεύσατό
747 769 877 828 μου
903 739 1101 807 οὐδὲν
1123 738 1419 824 αληθὲς
1393 767 1473 806 ον
1501 746 1852 810 δείκνυται.

306 849 373 900 25
564 838 816 924 Ἐπειδὴ
860 847 1092 906 τοίνυν
1136 837 1479 923 ἐποιήσατο
1523 839 1648 925 τὴν
1694 845 1963 928 εἰρήνην
2005 843 2044 930 ἡ
2090 846 2296 928 πόλις,

394 943 691 1006 ἐνταῦθα
716 937 917 1004 πάλιν
940 943 1278 1016 σκέψασθε
1306 942 1375 1002 τί
1402 938 1591 1022 ἡμῶν
1625 939 1925 1024 ἑκάτερος
1963 950 2296 1024 προείλετο

393 1036 710 1120 πράττειν
730 1060 742 1072 ·
787 1036 897 1100 καὶ
931 1032 1057 1116 γαρ
1094 1037 1165 1100 έκ
1201 1034 1462 1101 τούτων
1501 1045 1757 1102 εἴσεσθε
1780 1045 1873 1114 τίς
1894 1030 2033 1120 ἦνὸ
2063 1046 2300 1105 Φιλίπ-

394 1159 496 1219 πῳ
535 1135 751 1199 πάντα
787 1134 1430 1215 συναγωνιζόμενος,
1479 1136 1589 1198 καὶ
1623 1132 1772 1210 τίςὸ
1800 1136 2106 1217 πράττων
2130 1134 2294 1218 ὑπὲρ

392 1229 584 1317 ὑμῶν
607 1230 808 1297 καὶτὸ
834 1240 914 1316 τῇ
936 1230 1122 1296 πόλει
1145 1236 1489 1313 συμφέρον
1513 1237 1736 1314 ζητῶν.
1783 1232 1906 1314 ἐγώ
1931 1234 2052 1316 μὲν
2069 1240 2297 1299 τοίνυν

390 1333 646 1412 ἔγραψα
690 1327 1036 1412 βουλεύων
1081 1325 1402 1393 ἀποπλεῖν
1441 1328 1563 1411 τήν
1604 1334 1910 1413 ταχίστην
1952 1330 2107 1406 τούς
2138 1336 2299 1414 πρέ-

397 1434 575 1512 σβεις
599 1429 702 1492 ἐπὶ
722 1424 879 1502 τούς
902 1427 1147 1501 τόπους
1227 1428 1299 1490 ἐν
1337 1420 1432 1502 οἷς
1466 1421 1552 1490 ὅίν
1587 1426 1746 1492 ὅντα
1772 1434 2103 1493 Φίλιππον
2126 1453 2300 1494 πυν-

393 1525 769 1605 θανωνται,
814 1525 921 1588 καὶ
964 1548 1118 1597 τους
1163 1521 1407 1604 όρκους
1441 1520 1961 1608 απολαμβανειν·
2011 1517 2196 1590 οὗτοι
2230 1529 2301 1590 δε

249 1678 254 1681 .
302 1637 372 1687 26
396 1619 552 1687 ουδε
596 1620 974 1704 γράψαντος
1021 1622 1186 1701 ἐμοῦ
1226 1645 1433 1684 ταυτα
1470 1636 1681 1686 ποιεῖν
1713 1621 2068 1706 ἠθέλησαν.
2132 1630 2197 1688 τί
2229 1623 2299 1688 δε

389 1719 573 1786 τουτ’
585 1719 922 1800 ἐδύνατο,
953 1722 1001 1783 03
1029 1716 1266 1798 ἄνδρες
1282 1716 1654 1802 Ἀθηναιοι;
1693 1718 1817 1802 ἐγώ
1847 1720 2102 1799 διδάξω.
2176 1728 2300 1786 Φι-

389 1823 607 1903 λίππῳ
635 1844 757 1900 μεν
781 1820 868 1899 ήν
893 1819 1240 1899 συμφέρον
1267 1844 1353 1893 ως
1379 1826 1686 1883 πλεῖστον
1718 1818 1837 1885 τὸν
1863 1819 2103 1902 μεταξὺ
2138 1818 2298 1903 χρό-

387 1941 512 1981 νον
538 1918 863 2032 γενέσθαι
898 1939 1032 1978 των
1070 1910 1331 2032 όρκων,
1372 1914 1532 1997 υμῖν
1558 1914 1619 1981 δ
1652 1944 1739 2000 ως
1763 1917 2119 2000 ἐλάχιστον.
2187 1915 2294 1984 δια

385 2019 483 2093 τίς
530 2012 633 2078 ὅτι
668 2009 853 2095 υμεϊς
889 2037 1010 2095 μεν
1048 2038 1173 2077 ουκ
1211 2009 1331 2096 αφ’
1372 2016 1450 2107 ής
1475 2012 1771 2098 ω’μόσατε
1793 2012 2039 2099 ἡμέρας
2060 2013 2294 2099 μόνον,
2317 2025 2420 2077 234

389 2108 538 2177 ἄλλ
565 2137 658 2193 αφ
709 2113 787 2193 ής
809 2109 1122 2193 ἠλπίσατε
1145 2108 1266 2193 τὴν
1291 2113 1562 2195 εἰρήνην
1585 2119 1887 2198 ἔσεσθαι,
1925 2115 2137 2190 πασας
2158 2117 2298 2191 ἐξε-

386 2211 687 2276 λύσασθε
710 2234 826 2284 τας
846 2228 1269 2289 παρασκευας
1290 2235 1405 2284 τας
1427 2218 1552 2275 τοῦ
1574 2215 1897 2293 πολέμου,
1944 2209 1977 2276 ὁ
2008 2210 2078 2275 δε
2096 2218 2292 2274 τοῦτο

382 2311 457 2374 ἐκ
481 2304 730 2382 παντὸς
753 2315 875 2371 τοῦ
898 2306 1145 2388 χρόνου
1182 2306 1464 2388 μαλιστα
1499 2308 2056 2391 ἐπραγματεύετο,
2102 2313 2293 2390 νομί-

383 2411 551 2488 ζων,
598 2403 762 2487 ὅπερ
783 2396 870 2487 ἦν
895 2402 1194 2487 ἄληθες,
1221 2403 1348 2469 ὅσα
1371 2412 1483 2487 τῆς
1521 2407 1772 2482 πόλεως
1807 2406 2134 2489 προλαβοι
2165 2401 2291 2487 πρὸ

385 2529 509 2569 του
561 2528 718 2577 τους
762 2500 1007 2584 όρκους
1046 2499 1448 2585 αποδοῦναι,
1510 2525 1724 2567 παντα
1767 2527 1974 2567 ταυτα
2017 2508 2296 2621 βεβαίως

386 2603 586 2679 ἕξειν·
633 2599 878 2665 οὐδένα
914 2625 1039 2680 γαρ
1073 2598 1196 2683 τὴν
1231 2601 1504 2684 εἰρήνην
1537 2600 1768 2665 λύσειν
1801 2600 2058 2666 τούτων
2080 2602 2291 2671 ε’νεκα

294 2718 362 2773 27
385 2699 425 2765 α’
449 2696 577 2783 ἐγω
607 2723 1075 2782 προορωμενος
1092 2748 1108 2778 ,
1158 2725 1207 2761 ω
1237 2697 1475 2813 ἄνδρες
1492 2697 1859 2780 Ἀθηναιοι,
1906 2699 2016 2761 καὶ
2038 2696 2296 2777 λογιζό-

382 2824 581 2881 μενος
602 2796 676 2860 τό
707 2797 1015 2878 ψήφισμα
1037 2802 1231 2859 τοῦτο
1256 2795 1517 2877 γροὶφω,
1544 2803 1730 2858 πλειν
1752 2795 1854 2857 ἐπι
1875 2818 2029 2867 τους
2050 2791 2295 2867 τόπους

382 2899 456 2960 έν
494 2889 591 2968 οἷς
627 2888 711 2957 ἄν
744 2886 788 2977 ᾗ
815 2899 1167 2975 Φίλιππος,
1219 2894 1330 2957 καὶ
1362 2891 1518 2967 τοὺς
1556 2890 1798 2973 ὅρκους
1831 2886 1953 2972 τὴν
1987 2896 2291 2973 ταχίστην

380 2989 912 3077 ἀπολαμβάνειν,
947 2987 1041 3055 ἵν’
1069 2989 1357 3072 ἐχόντων
1380 2998 1513 3054 τῶν
1540 2995 1875 3074 Θρᾳκῶν,
1903 2995 2039 3051 τῶν
2061 2985 2290 3070 ὑμετέ-

381 3116 523 3175 ρων
548 3089 915 3171 συμμάχων
931 3138 946 3169 ,
991 3095 1200 3153 ταῦτα
1236 3086 1316 3153 τα
1341 3094 1546 3171 χωρία
1569 3085 1613 3153 ὁὶ
1634 3095 1765 3153 νῦν
1788 3078 1980 3162 οὗτος
2004 3089 2285 3168 διέσυρε,

375 3185 451 3254 τὸ
475 3190 801 3271 Σέρρειον
823 3188 933 3253 καὶ
954 3184 1025 3252 τὸ
1051 3186 1424 3271 Μυρτηνὸν
1446 3189 1555 3252 καὶ
1577 3180 1701 3270 τὴν
1718 3183 2085 3267 Ἐργίσκην,
2114 3181 2287 3249 οὕτω

372 3283 717 3371 γίγνοινθ’
748 3289 816 3350 οἱ
833 3283 1043 3370 ὅρκοι,
1071 3287 1179 3351 καὶ
1205 3282 1291 3369 μὴ
1320 3282 1676 3370 προλαβών
1696 3288 1944 3365 ἐκεῖνος
1965 3281 2121 3355 τούς
2142 3283 2288 3345 ε’πι-

371 3390 650 3469 καίρους
689 3390 824 3447 τῶν
867 3383 1092 3448 τόπων
1136 3383 1368 3463 κύριος
1421 3389 1534 3466 τῆς
1583 3382 1848 3467 Θρᾴκης
1904 3385 2282 3463 κατασταίη,

371 3483 537 3565 μηδὲ
570 3487 840 3547 πολλῶν
872 3481 994 3564 μὲν
1025 3479 1414 3564 χρημάτων,
1458 3486 1724 3545 πολλῶν
1762 3474 1831 3540 δὲ
1868 3481 2286 3557 στρατιωτῶν
