2622 4065
535 285 792 343 ΠΕΡΙ
854 285 1067 344 ΤΗΣ
1121 287 2031 357 ΠΑΡΛΠΡΕΣΒΕΙΑΣ.
2112 296 2291 359 301⁷

331 470 418 507 αν
441 466 655 509 ποιων
675 439 834 526 ὑμῖν
876 449 1210 524 χαρίσαιτο
1262 445 1412 512 οὐδ’
1436 451 1913 569 ἐνθυμηθῆναί
1930 477 2090 539 φησι
2110 458 2235 523 λύ-

240 549 312 600 40
331 549 594 606 σασθαι.
661 542 1147 626 μεμαρτύρηται
1182 545 1252 610 δε
1288 546 1689 629 δήπουθεν
1655 566 1814 633 υμῖν
1836 554 1910 617 ἐν
1928 561 2024 640 τῷ
2049 553 2231 642 δήμῳ

329 640 638 714 πολλάκις
675 635 759 713 ὡς
790 638 918 720 ἐγω
954 640 1279 707 τάλαντον
1320 649 1485 725 ε’χων
1524 645 1626 710 ἐπ’
1670 646 1917 726 αὐτους
1941 647 2231 737 φχόμην,

324 737 432 800 καὶ
457 763 587 800 νυν
607 737 1218 823 μαρτυρηθήσεται·
1258 742 1358 806 διὸ
1380 746 1489 807 καὶ
1512 742 1634 828 τὴν
1659 744 1823 831 ἐμὴν
1847 757 2231 833 φιλοτιμίαν

323 823 515 908 οὗτος
549 831 1039 930 ἀφαιρούμενος
1076 836 1257 903 τοῦτ’
1294 844 1551 907 ἔπεισεν
1588 847 1840 910 ἐκεῖνον
1883 848 2227 930 ἐγγράψαι.

320 926 359 994 ὂ
391 936 619 996 τοίνυν
655 937 962 1015 μέγιστον
1001 932 1343 1000 ἁπάντων·
1391 935 1425 1001 6
1454 964 1581 1020 γαρ
1617 946 1705 1014 εἰς
1738 940 1862 1024 τὴν
1897 950 2227 1027 προτέραν

316 1028 577 1108 γραψας
600 1028 950 1113 ἐπιστολὴν
965 1080 980 1110 ,
1006 1028 1090 1114 ἣν
1112 1031 1486 1117 ἠνέγκαμεν
1507 1034 1723 1123 ἡμεις,
1764 1038 1896 1104 ὅτι
1900 1038 2225 1125 ’ἔγραφον

307 1121 414 1188 ‘²6
455 1122 540 1189 ἀν
573 1130 683 1190 καὶ
728 1128 1092 1211 διαρρήδην
1136 1128 1333 1212 ἡλίκα
1376 1130 1547 1216 ὑμᾶς
1592 1138 1667 1199 εὐ
1709 1137 1996 1222 ποιήσω,
2045 1147 2104 1204 εἰ
2146 1166 2225 1205 ευ

302 1218 340 1242 ‘
324 1219 534 1305 ἤδειν
579 1225 688 1288 καὶ
730 1221 853 1307 τὴν
897 1236 1267 1308 συμμαχίαν
1309 1256 1421 1312 μοι
1462 1233 1963 1318 γενησομένην,’
2029 1263 2227 1319 γεγο-

316 1326 504 1394 νυίας
526 1328 638 1402 τῆς
662 1329 1027 1404 συμμαχιας
1053 1323 1137 1387 οὔ
1164 1347 1369 1408 φησιν
1394 1330 1635 1393 εἰδέναι
1656 1338 1723 1394 τί
1738 1328 1824 1397 οἶν
1860 1343 2071 1399 ποιῶν
2103 1363 2225 1419 χα-

314 1414 577 1499 ρίσαιτζ
624 1416 773 1482 οὐδ’
816 1416 856 1483 6
889 1418 1088 1496 αὐτὸς
1124 1419 1472 1506 ὑπέσχετο
1516 1437 1712 1493 τοῦτο
1758 1456 1887 1513 γαρ
1923 1430 2069 1517 ᾐδει
2105 1438 2225 1517 δη-

310 1513 552 1595 λονότι,
582 1522 761 1597 εἰπερ
786 1513 872 1598 μὴ
900 1518 1298 1597 ἐφενάκιζεν.
1351 1520 1519 1587 αλλα
1537 1522 1671 1609 μὴν
1693 1524 1795 1591 ότι
1816 1529 2020 1595 ταυθ’
2049 1528 2222 1596 οὕτω

310 1608 442 1675 τότ’
483 1615 757 1729 ἔγραψε,
807 1615 956 1695 λέγε
992 1641 1102 1697 μοι
1135 1616 1418 1701 infit-621²
1387 1647 1457 1684 εκ
1481 1629 1595 1702 τῆς
1618 1628 1940 1708 προτέρας
1961 1632 2217 1695 ἐπιστοο
2241 1642 2397 1693 354

309 1716 427 1791 λῆς
450 1706 610 1773 αὐτὸ
635 1718 865 1794 τοῦτο,
893 1716 1186 1778 ἐνθένδε.
1237 1720 1403 1799 λέ.γε

903 1882 1021 1953 ΕΞ
1054 1887 1615 1950 ΕΠΙΣΤΟΛΗΣ.

222 2026 282 2079 41
480 2001 750 2069 Οὐκοῦν
774 2009 930 2088 πριν
952 2006 1071 2090 μὲν
1098 2008 1360 2095 εἰρήνης
1381 2027 1636 2099 τυχειν,
1675 2020 1735 2080 εἰ
1753 2018 1862 2082 καὶ
1886 2029 2219 2104 συμμαχία

302 2099 716 2182 προσγένοιτ’
745 2128 922 2166 αυτω
939 2153 957 2184 ,
1000 2107 1281 2186 γράψειν
1307 2107 1629 2193 ὡμολόγει
1650 2111 1849 2197 ἡλίκα
1869 2115 1992 2200 τὴν
2018 2117 2217 2184 πόλιν

304 2200 378 2260 εὐ
404 2195 684 2280 ποιήσει
729 2169 948 2283 ἐπειδὴ
976 2199 1038 2265 δ’
1067 2200 1391 2286 ἀμφότερ’
1415 2205 1598 2296 αὐτῷ
1617 2217 1923 2295 γέγονεν,
1966 2214 2092 2280 οὐκ
2116 2223 2211 2281 ει-

303 2299 483 2359 δέναι
522 2300 681 2379 φησὶ
702 2293 819 2362 τί
790 2325 875 2362 αν
899 2306 1109 2365 ποιῶν
1132 2309 1465 2384 χαρίσαιτο
1481 2356 1499 2389 ,
1550 2302 1634 2370 ἄν
1659 2306 1719 2371 δ’
1748 2306 1935 2392 υμεῑς
1958 2293 2207 2396 λέγητε,

300 2392 600 2475 ποιήσειν
623 2390 661 2458 6
681 2393 832 2477 μήτ’
862 2396 1184 2480 αἰσχύνην
1206 2401 1332 2483 μήτ
1342 2399 1655 2480 ’ἄδοξιαν
1680 2405 1861 2493 αὐτῷ
1884 2412 2089 2495 φέρει,
2119 2418 2210 2487 εἰς

296 2489 537 2564 ταύτας
568 2517 684 2565 τας
720 2514 1085 2613 npoqjoco'fcg
1120 2499 1595 2583 καταφεύγων,
1642 2499 1768 2567 κᾶν
1811 2504 1939 2590 α’ρα
1987 2514 2213 2593 εἴπητέ

298 2610 358 2647 τι
402 2588 508 2650 καὶ
539 2588 923 2671 προαχθῆθ’
962 2605 1147 2673 υμεις
1187 2597 1736 2684 ἐπαγγείλασθαι,
1784 2600 2209 2689 αναχώρησιν

146 2733 158 2741 .
226 2686 228 2688 ’
299 2682 513 2769 ἑαυτῷ
536 2690 960 2751 καταλείπων.

113 2856 116 2859 ,
215 2800 279 2848 42
473 2788 694 2846 Ταῦτα
737 2790 967 2849 τοίνυν
1009 2791 1117 2852 καὶ
1156 2789 1348 2856 πόλλ’
1388 2795 1577 2874 ἕτερα
1615 2800 1773 2879 ἐνῆν
1809 2808 2209 2885 παραχρῆμα

296 2875 435 2942 τότ’
479 2878 687 2997 εὐθὺς
722 2885 1072 2968 ἐξελέγχειν
1108 2890 1214 2954 καὶ
1241 2891 1633 2958 διδασκειν
1601 2921 1771 2978 υμας
1793 2900 1902 2963 καὶ
1925 2897 2012 2982 μὴ
2041 2924 2211 2981 προ-

296 2979 489 3040 έσθαι
513 3004 591 3042 τα
616 2979 941 3065 πράγματ
967 2987 1103 3069 ἐᾶν,
1130 2993 1190 3052 εἰ
1209 2990 1294 3073 μὴ
1324 2996 1598 3057 Θεσπιαὶ
1621 2998 1729 3060 καὶ
1750 3001 2076 3064 Πλαταιαὶ
2098 3003 2209 3065 καὶ

293 3071 365 3135 τὸ
407 3081 739 3157 Θηβαίους
782 3077 1016 3146 αυτίκα
1061 3083 1139 3167 δὴ
1176 3087 1350 3168 μαλα
1397 3076 1637 3155 δώσειν
1672 3098 1864 3178 δίκην
1898 3093 2205 3179 ἀφείλετο

293 3169 415 3254 τὴν
440 3170 783 3257 αλήθειαν.
835 3185 1049 3247 καίτοι
1071 3193 1279 3250 ταῦτα
1303 3193 1363 3252 εἰ
1385 3215 1508 3271 μεν
1530 3187 1814 3260 ακοῦσαι
1836 3194 2053 3277 μόνον
2076 3201 2207 3263 ἔδει

293 3272 404 3335 καὶ
448 3284 938 3363 φενακισθῆναι
980 3280 1168 3366 τὴν
1148 3285 1378 3370 πόλιν,
1425 3285 1651 3371 ὀρθῶς
1694 3293 1984 3375 ἐλέγετο,
2032 3299 2093 3359 εἰ
2135 3296 2206 3360 δε

97 3369 99 3371 ’
202 3376 206 3381 ’
292 3379 674 3456 πραχθῆναι
696 3401 786 3440 τω
811 3374 987 3464 ὄντι,
1016 3391 1453 3450 σιωπᾶσθαι)
1419 3390 1806 3473 συνέφερεν.
1854 3396 1914 3454 εἰ
1932 3390 2050 3473 μὲν
2072 3418 2202 3475 γαρ

290 3469 566 3534 ἐνταῦθ’
606 3464 693 3555 ἦν
728 3473 856 3560 ἤδη
891 3503 970 3542 τα
1007 3505 1356 3566 πραγματα
1395 3484 1560 3552 ω’στε
1597 3485 1748 3571 μηδ’
1777 3492 2203 3572 αἰσθομένοις
2267 3566 2270 3568 μ
