2622 4065
587 363 841 427 ΠΕΡΙ
882 359 1094 419 ΤΗΣ
1130 341 2049 415 ΠΑΡΛΠΡΕΣΒΕΙΛΣ.
2149 342 2278 404 371

369 534 463 605 εἰς
483 533 824 608 Αἴγυπτον
845 523 1123 602 Χαβρίᾳ,
1150 515 1260 579 καὶ
1281 518 1401 578 τοῦ
1426 508 1804 594 καταράτου
1820 510 2276 589 Κυρηβίωνος,

372 622 445 702 ὃς
467 628 538 689 ἐν
561 634 698 697 ταῖς
732 630 1017 702 πομπαῖς
1053 638 1216 677 ανευ
1252 617 1375 675 τοῦ
1411 607 1774 691 προσώπου
1806 603 2109 688 κωμαζει.
2167 601 2277 665 και

368 728 439 789 τί
463 729 700 797 ταῦτα;
753 715 917 783 αλλὰ
955 711 1070 778 τὸν
1101 708 1397 793 ἀδελφὸν
1433 704 1611 791 ὅρων
1648 702 2041 823 Ἀφόβητον
2110 694 2278 764 ἄλλα

357 824 533 903 δῆτα
569 818 710 884 α’νω
755 837 1066 895 ποταμων
1101 811 1318 893 ἐκείνῃ
1360 811 1442 891 τῇ
1485 801 1696 889 ἡμέρα
1739 826 1983 877 παντες
2027 801 2097 865 οἱ
2129 796 2281 879 περὶ

371 922 678 1000 πορνείας
701 912 1030 998 ἐρρύησαν
1052 906 1255 989 λόγοι.

244 1033 352 1089 288
538 1016 669 1078 Καὶ
692 1009 823 1096 μὴν
863 1014 952 1083 εἰς
976 1006 1142 1089 όσην
1165 1001 1431 1085 ατιμίαν
1466 997 1587 1084 τὴν
1612 997 1809 1065 πόλιν
1842 994 2032 1082 ἡμων
2053 994 2093 1079 ἡ
2116 993 2279 1060 τού-

370 1137 491 1179 του
514 1115 798 1193 πονηρία
820 1108 927 1172 καὶ
949 1107 1350 1223 ψευδολογία
1371 1097 1833 1181 καταστήσασα
1867 1101 2028 1177 ἔχει,
2063 1090 2281 1158 πάντα

371 1207 542 1276 ταλλ’
572 1206 794 1291 αφεὶς,
836 1202 874 1271 ὃ
897 1203 1136 1277 πάντες
1182 1199 1369 1284 ὑμεῖς
1404 1209 1544 1265 ἴστε
1587 1199 1741 1278 ἐρῶ.
1809 1190 2140 1275 πρότερον
2157 1216 2282 1274 μεν

369 1333 523 1392 γαρ,
551 1333 600 1371 ω
629 1305 864 1387 α’νδρες
883 1299 1242 1383 Ἀθηναῖοι,
1267 1301 1335 1361 τί
1352 1292 1499 1377 παρ’
1524 1291 1686 1377 ὑμῖν
1707 1284 2274 1374 ἐψήφισται,τοῦτ’
2299 1301 2407 1354 434

371 1404 734 1488 ἐπετήρουν
775 1404 842 1466 οἱ
872 1398 1061 1463 αλλοι
1096 1394 1336 1469 πάντες
1359 1392 1697 1475 Έλληνες·
1745 1396 1877 1453 νῦν
1910 1383 1972 1451 δ’
1996 1383 2123 1470 η’δη
2159 1408 2280 1449 πε-

375 1496 740 1588 ριερχόμεθ’
780 1496 967 1580 υμεῖς
998 1500 1064 1559 τί
1094 1496 1397 1558 δέδοκται
1426 1503 1562 1566 τοῖς
1595 1487 1818 1563 ἄλλοις
1853 1491 2281 1565 σκοποῦντες,

373 1599 484 1665 καὶ
519 1596 1091 1667 ὠτακουστοῦντες
1121 1595 1190 1655 τί
1213 1613 1294 1655 τα
1329 1615 1464 1654 των
1501 1585 1875 1668 Ἀρκάδων,
1923 1589 1990 1649 τί
2026 1605 2106 1647 τα
2147 1585 2284 1645 τῶν

366 1694 872 1780 Ἀμφικτυόνων
888 1741 906 1774 ,
956 1703 1077 1755 ποῖ’
1091 1688 1356 1770 πάρεισι
1375 1692 1730 1768 Φίλιππος,
1772 1677 1911 1768 ζῇ’“
1864 1709 1905 1766 η
1933 1683 2281 1762 τέθνηκεν.

253 1812 356 1866 289
376 1791 458 1859 οὐ
481 1798 752 1858 τοιαῦτα
776 1794 1127 1870 ποιοῦμεν;
1172 1785 1300 1867 ἐγὼ
1328 1783 1398 1849 δε
1421 1809 1501 1849 ου
1527 1786 1789 1849 δέδοικα
1842 1785 1903 1845 εἰ
1955 1784 2285 1854 Φίλιππος

376 1895 470 1974 ζη,
496 1886 629 1955 ἀλλ’
660 1893 720 1953 εἰ
737 1895 850 1971 τῆς
875 1885 1123 1959 πόλεως
1155 1886 1440 1967 τέθνηκε
1475 1878 1546 1947 τὸ
1574 1879 1730 1956 τοὺς
1755 1877 2152 1952 ἀδικοῦντας
2175 1901 2287 1959 μι-

376 2001 520 2054 σεῖν
542 1988 653 2053 καὶ
673 1993 1118 2069 τιμωρεῖσθαι.
1190 1978 1348 2048 οὐδε
1371 1986 1572 2066 φοβεῖ
1587 2005 1666 2063 με
1693 1983 2022 2052 Φίλιππος
2039 2024 2056 2057 ,
2095 2000 2181 2039 αν
2203 1998 2285 2038 τα

376 2083 524 2170 παρ’
555 2083 748 2169 ὑμῶν
769 2081 1068 2168 ὑγιαίνῃ,
1116 2078 1251 2146 αλλ’
1282 2068 1342 2145 εί
1365 2076 1509 2161 παρ’
1538 2075 1699 2161 υμῖν
1737 2074 1924 2141 αδεια
1942 2069 2291 2156 γενήσεται

374 2194 508 2259 τοῖς
530 2179 676 2265 παρ’
704 2184 962 2246 ἐκείνου
986 2188 1390 2262 μισθαρνεῖν
1426 2176 1890 2262 βουλομένοις,
1937 2173 2048 2237 καὶ
2083 2189 2288 2235 συνε-

377 2285 577 2366 ροῦσί
591 2304 762 2355 τινες
784 2276 1040 2353 τούτοις
1060 2284 1194 2342 τεόν
1215 2272 1329 2394 ὑφ’
1362 2273 1550 2357 ὕμων
1568 2272 2141 2355 πεπιστευμένων,
2176 2270 2289 2334 καὶ

377 2400 591 2444 παντα
613 2374 733 2444 τὸν
755 2382 1135 2460 ἔμπροσθεν
1158 2374 1409 2458 χρόνον
1432 2371 1837 2456 αρνούμενοι
1859 2364 1945 2453 μὴ
1976 2390 2290 2451 πραττειν

253 2497 359 2550 290
378 2474 544 2556 ὑπερ
569 2480 904 2539 Φιλίππου
925 2482 1054 2536 νῦν
1079 2470 1567 2556 αναβήσονται,
1613 2476 1822 2536 ταῦτα
1846 2474 2050 2552 φοβεῖ
2065 2492 2162 2550 με.
2230 2470 2300 2529 τί

372 2569 499 2656 γὰρ
524 2570 604 2654 δή
644 2594 799 2634 ποτε
814 2567 1194 2652 Εὔβουλε,
1216 2566 1576 2652 ἹΙγησίλεω
1613 2567 1737 2648 μὲν
1771 2570 2174 2650 κρινομένω,
2222 2559 2295 2637 ὃς

374 2666 646 2747 ανεψιός
666 2669 808 2733 ἐστί
823 2687 947 2748 σοι,
973 2667 1081 2729 καὶ
1106 2663 1562 2749 Θρασυβούλῳ
1589 2685 1843 2745 πρωην,
1866 2668 1964 2747 τῷ
1984 2656 2293 2742 Νικηρα-

374 2792 496 2833 του
525 2772 723 2853 θείῳ,
768 2765 873 2830 ἐπὶ
896 2789 1015 2846 μεν
1038 2768 1155 2845 τῆς
1189 2759 1453 2843 πρώτης
1475 2757 1709 2842 ψήφου
1733 2753 1882 2822 οὐδ’
1908 2753 2293 2821 ὑπακοῦσαι

377 2863 788 2948 καλούμενος
809 2861 1075 2946 ἤθελες,
1114 2864 1206 2935 εἰς
1228 2858 1298 2924 δὲ
1332 2855 1405 2922 τὸ
1432 2863 1676 2941 τίμημα
1701 2851 1955 2940 αναβας
1977 2852 2146 2938 υπερ
2172 2851 2293 2937 μὲν

377 2965 651 3029 ἐκείνων
695 2956 844 3027 οὐδ’
880 2956 1107 3026 ὁτιοῦν
1142 2963 1386 3041 ἔλεγες,
1433 2957 1621 3021 ἐδέου
1669 2953 1739 3019 δὲ
1779 2960 1917 3019 τῶν
1962 2955 2293 3018 δικαστῶν

377 3059 781 3144 συγγνώμην
824 3062 994 3141 ἔχειν
1041 3076 1174 3135 σοι;
1224 3054 1360 3122 εἶτα
1395 3079 1564 3135 υπερ
1626 3079 1746 3137 μεν
1790 3057 2140 3134 συγγενῶν
2180 3052 2292 3114 καὶ

254 3178 357 3236 291
377 3157 759 3242 ἀναγκαίων
779 3154 1160 3239 ἀνθρώπων
1186 3151 1310 3220 οὐκ
1339 3150 1747 3238 ἀναβαίνεις,
1769 3146 1941 3232 ὑπὲρ
1964 3152 2290 3231 Αἰσχίνου

379 3258 449 3325 δὲ
471 3255 814 3343 ἀναβήσει,
840 3253 943 3340 ὃς,
968 3250 1132 3339 ἡνίκ’
1160 3258 1421 3337 ἔκρινεν
1451 3249 1870 3332 Ἀριστοφῶν
1895 3245 2287 3312 Φιλόνεικον

367 3358 486 3424 καὶ
514 3352 586 3421 δι’
621 3358 878 3421 ἐκείνου
900 3360 1033 3418 τῶν
1058 3372 1161 3418 σοι
1185 3353 1669 3434 πεπραγμένων
1691 3345 2079 3430 κατηγόρει,
2119 3362 2289 3426 συγ-

377 3454 729 3540 κατηγόρει
743 3450 876 3538 μετ’
903 3456 1160 3518 ἐκείνου
1176 3470 1302 3518 σου
1330 3452 1440 3516 καὶ
1453 3475 1591 3516 των
1605 3449 2014 3531 εχθρωντων
2029 3447 2169 3506 σων
2198 3436 2294 3517 εἷς

378 3553 728 3636 ἑξηταζετο.
747 3549 965 3637 ἐπειδὴ
985 3551 1054 3618 δὲ
1068 3551 1154 3617 σύ
1167 3578 1288 3635 μεν
1300 3550 1610 3617 τουτουσὶ
1625 3540 2155 3689 δεδιξάμῖεἴξςκαὶ
2169 3565 2297 3624 φη
