2622 4065
450 297 577 358 340
622 385 627 389 ἢ
880 305 1022 359 XIX.
1099 303 1930 375 ΔΗΜΟΣΘΕΝΟΤΣ

453 458 515 523 δ’
543 456 586 524 ὁὶ
609 462 732 544 μὲν
754 453 843 546 ἦν
865 463 1185 529 πλεύσασι
1208 469 1448 547 σῶσαι,
1474 471 1759 549 βαδίζειν
1781 473 2078 543 κελεύων
2099 477 2360 547 ἀπολεό-

455 565 677 639 λεκεν,
707 555 748 622 ὁὶ
773 558 834 622 δ’
864 565 1122 624 εἰποῦσι
1146 558 1429 645 τάληθῆ,
1458 567 1888 651 ψευδόμενος.

188 725 193 728 ,
322 654 1082 743 ”’182Ἀγανακτη’σει
1101 664 1336 724 τοίνυν
1359 658 1590 728 αὐτίκα
1615 665 1691 748 δὴ
1717 667 1912 751 μαλα,
1933 668 2017 747 ὡς
2040 673 2164 754 ἐγώ
2189 699 2361 741 πυν-

453 754 781 837 θάνομαι,
832 759 892 819 εἰ
924 754 1129 837 μόνος
1163 764 1301 822 ταῖν
1332 761 1403 821 ἐν
1439 768 1532 845 τῷ
1568 762 1751 850 δήμω
1788 767 2120 848 λεγόντων
2145 770 2362 853 λόγων

456 847 749 926 εὐθύνας
774 848 1011 933 ὑφέξει.
1080 853 1206 935 ἐγώ
1248 852 1308 918 δ’
1338 854 1436 920 ότι
1460 884 1579 940 μεν
1603 861 1841 940 πάντες
1866 859 1949 929 ἄν
1973 869 2240 944 εἰκότως
2266 872 2359 933 ὠν

454 951 722 1029 λέγουσι
747 955 939 1032 δίκην
964 948 1302 1035 ὑπέχοιεν,
1347 962 1526 1036 εἴπερ
1554 960 1630 1020 έπ
1643 955 1977 1049 ’ἀργυρίῳ
2004 989 2062 1028 τι
2087 968 2358 1048 λέγοιεν,

457 1052 860 1129 παραλείψω,
887 1044 1032 1113 αλλ
1062 1052 1270 1116 έκεῖνο
1297 1054 1492 1133 λέγω
1542 1060 1600 1119 εἰ
1619 1081 1740 1137 μεν
1765 1063 2075 1143 Αἰσχίνης
2099 1061 2360 1146 ἰδιώτης

459 1169 553 1207 ων
592 1143 966 1229 ἀπελήρησέ
997 1172 1058 1210 τι
1093 1150 1200 1213 καὶ
1246 1149 1586 1234 διήμαρτε,
1631 1150 1732 1235 μὴ
1770 1155 2031 1237 σφόδρα
2074 1156 2360 1242 ακριβεός

455 1249 843 1326 λογίσησθε,
870 1243 1133 1325 ἐασατε,
1173 1248 1573 1331 συγγνεόμην
1597 1253 1801 1331 ε’·χετε
1850 1258 1907 1316 εἰ
1930 1254 1999 1317 δε
2033 1262 2359 1339 πρεσβευ-
2413 1263 2417 1267 ’

454 1340 566 1421 τὴς
603 1335 700 1403 ὢν
737 1342 838 1405 ἐπὶ
871 1342 1201 1460 χρήμασιν
1244 1347 1537 1428 ἐπίτηδες
1579 1348 1978 1432 ἐξηπατηκεν
2024 1348 2224 1435 ὑμᾶς,
2271 1346 2357 1435 μὴ

455 1436 697 1520 αφῆτε,
725 1438 874 1520 μηδ’
904 1436 1288 1522 ἆνασχησθε
1317 1468 1402 1517 ως
1428 1440 1509 1506 οὐ
1532 1446 1636 1507 δεῖ
1653 1449 1841 1561 δίκην
1869 1473 1961 1511 ων
1986 1444 2226 1511 εἷπεν”
2189 1471 2358 1512 υπο-

331 1545 433 1601 183
454 1546 650 1615 σχεῖν.
701 1541 876 1610 τίνος
900 1537 1025 1617 γὰρ
1054 1536 1259 1601 ἄλλου
1283 1542 1386 1603 δεῖ
1405 1543 1594 1623 δίκην
1618 1540 1792 1623 παρὰ
1817 1540 2218 1627 πρέσβεων”
2175 1572 2215 1628 η
2242 1544 2358 1610 λό-

451 1655 591 1711 γων
628 1632 1022 1715 λαμβάνειν;
1068 1637 1188 1698 εἰσὶ
1224 1634 1351 1717 γὰρ
1377 1640 1442 1700 οἰ
1461 1639 1761 1722 πρέσβεις
1785 1639 1865 1704 οὐ
1890 1641 2179 1724 τριήρων
2202 1641 2357 1707 οὐδὲ

450 1727 673 1792 τόπων
710 1726 867 1795 οὐδὲ
902 1725 1190 1794 ὁπλιτῶν
1226 1729 1372 1795 οὐδ’
1413 1731 1841 1814 ἀκροπόλεων
1865 1736 2082 1820 κύριοι
2110 1735 2356 1819 (οὐδεὶς

447 1825 576 1909 γὰρ
613 1830 925 1911 πρέσβεσι
960 1826 1146 1893 ταῦτ’
1188 1832 1578 1915 ἐγχειρίζει),
1625 1830 1791 1897 ἀλλὰ
1825 1834 2045 1916 λόγων
2067 1837 2173 1899 καὶ
2195 1835 2352 1920 χρό-

448 1950 605 1989 νων.
663 1924 818 2001 τούς
840 1929 960 2009 μὲν
983 1933 1212 1992 τοίνυν
1234 1929 1515 2010 χρόνους
1541 1934 1599 1994 εί
1617 1931 1735 2012 μὲν
1757 1928 1842 2013 μὴ
1873 1940 2219 2012 προανεῖλε
2242 1939 2353 2015 τῆς
2370 1945 2492 2001 399

448 2021 731 2107 πόλεως,
778 2022 901 2089 οὐκ
941 2021 1182 2106 ἀδικεῖ,
1229 2031 1289 2092 εί
1321 2022 1382 2091 δ’
1422 2023 1709 2109 ἅνεῖλεν,
1754 2025 2053 2112 ἠδίκηκε·
2102 2025 2257 2104 τοὺς
2282 2029 2352 2095 δὲ

446 2119 685 2203 λόγους
730 2127 790 2187 εί
820 2126 943 2204 μὲν
977 2120 1249 2207 ἀληθεῖς
1283 2122 1695 2208 ἀπήγγελκεν
1730 2128 1836 2190 καὶ
1875 2132 2350 2210 συμφέροντας,

444 2218 910 2304 ἀποφευγέτω,
959 2226 1018 2286 εί
1052 2222 1122 2286 δὲ
1157 2224 1264 2287 καὶ
1296 2228 1559 2301 ψευδεῖς
1591 2225 1697 2289 καὶ
1730 2231 1986 2307 μισθοῦ
2005 2227 2112 2290 καὶ
2138 2222 2351 2309 ἆσυμὲ

322 2326 424 2381 184
446 2317 735 2401 φόρους,
782 2316 1177 2383 ἁλισκέσθω.
1266 2318 1462 2383 ουδεν
1494 2317 1621 2400 γὰρ
1658 2318 1803 2384 ἔσθ’
1847 2318 1886 2383 ὅ
1919 2346 1978 2384 τι
2012 2326 2231 2402 μεῖζον
2268 2317 2351 2384 ἂν

418 2413 618 2496 ὑμᾶς
641 2412 974 2496 αδικήσειέ
993 2440 1086 2489 τις
1106 2409 1150 2497 ἢ
1173 2419 1384 2496 ψευδῆ
1411 2416 1639 2495 λέγων.
1705 2412 1799 2490 οἷς
1822 2442 1946 2497 γαρ
1972 2416 2098 2482 ἐστ’
2130 2421 2200 2483 έν
2237 2418 2350 2483 λό-

446 2537 588 2594 γοις
610 2509 649 2594 ἡ
679 2518 988 2596 πολιτεία,
1017 2535 1172 2595 πως,
1199 2539 1285 2577 αν
1306 2504 1490 2577 οὗτοι
1514 2512 1599 2596 μὴ
1629 2512 1895 2597 αληθεῖς
1920 2518 2102 2598 ωσιν,
2131 2513 2347 2599 ἄσφα-

446 2616 576 2685 λως
612 2612 748 2673 ἔστι
786 2608 1288 2688 πολιτεύεσθαι;
1336 2636 1421 2673 αν
1458 2614 1527 2674 δε
1565 2606 1641 2692 δὴ
1683 2612 1788 2675 καὶ
1824 2609 1986 2694 πρὸς
2022 2608 2063 2676 ὁὶ
2084 2624 2220 2688 τοῖς
2241 2616 2347 2695 ε’χ-

440 2716 634 2788 θροῖς
678 2710 999 2791 συμφέρει
1047 2708 1230 2790 δῶρα
1272 2733 1366 2784 τις
1402 2706 1763 2791 λαμβανων
1797 2712 1987 2793 λέγῃ,
2033 2717 2170 2786 πῶς
2203 2709 2348 2792 οὐχὶ

440 2808 548 2870 καὶ
573 2807 1070 2884 κινδυνεύσετε;
1119 2804 1281 2872 οὐδέ
1297 2830 1372 2889 γε
1398 2803 1554 2881 τοὺς
1574 2805 1852 2887 χρόνους
1873 2815 2020 2871 ἴσον
2043 2804 2178 2871 ἔστ’
2204 2805 2347 2871 ἀδί-

352 2930 354 2932 *
440 2927 613 2985 κημα
658 2900 1032 2988 ὀλιγαρχίας
1074 2899 1120 2988 ἦ
1160 2904 1499 2985 τυράννου
1546 2908 1947 2986 παρελέσθαι
1981 2905 2089 2968 καὶ
2125 2900 2341 2988 ὑμῶν·

214 3040 216 3042 ·
297 3019 418 3082 ‚185
439 2996 585 3063 οὐδ’
616 2996 847 3082 ὀλίγου
874 3006 985 3067 δεῖ.
1036 3005 1108 3067 ἐν
1136 3005 1412 3079 ἐκείναις
1434 3002 1554 3086 μὲν
1575 3001 1700 3086 γὰρ
1716 3053 1733 3084 ,
1762 3000 1967 3086 οἶμαι,
1996 3016 2131 3080 ταῖς
2155 3011 2343 3068 πολι-

435 3103 636 3174 τείαις
668 3097 868 3163 πάντ’
905 3102 968 3177 ἐξ
1014 3101 1447 3184 ἐπιτάγματος
1494 3098 1685 3178 ὀξέως
1708 3110 1996 3184 γίγνεται
2012 3127 2028 3143 ·
2073 3100 2232 3186 ὑμῖν
2275 3102 2344 3168 δὲ

434 3201 702 3278 πρῶτον
723 3196 844 3280 μὲν
866 3195 991 3281 τὴν
1011 3199 1267 3282 βουλὴν
1288 3198 1569 3265 ἀκοῦσαι
1590 3202 1736 3283 περὶ
1759 3200 2027 3266 πάντων
2051 3203 2156 3266 καὶ
2178 3224 2343 3285 προ-

429 3299 795 3377 βουλεῦσαι
822 3299 950 3380 δεῖ,
975 3298 1082 3361 καὶ
1106 3295 1309 3362 τοῦθ’
1335 3296 1494 3364 ὅταν
1517 3291 1561 3384 ᾗ
1584 3297 1817 3382 κήρυξι
1839 3301 1947 3363 καὶ
1971 3306 2343 3384 πρεσβείαις

430 3399 1054 3480 προγεγραμμένον,
1085 3393 1206 3461 οὐκ
1230 3394 1363 3480 οἷεὶ,
1389 3394 1503 3462 εἶτ’
1533 3400 1883 3481 ἐκκλησίαν
1908 3404 2207 3483 ποιῆσαι,
2232 3402 2340 3463 καὶ

427 3492 680 3576 ταύτην
703 3490 868 3558 ὅταν
891 3498 962 3558 ἐκ
986 3502 1121 3559 τῶν
1151 3495 1377 3578 νόμων
1398 3496 1680 3582 καθήκῃ.
1738 3494 1873 3562 εἶτα
1895 3504 2209 3581 κρατῆσαι
2230 3496 2339 3560 καὶ
