2622 4065
684 310 938 369 ΠΕΡΙ
1008 309 1208 368 ΤΟΥ
1267 308 1869 381 ΣΤΕΦΑΝΟΤ.
2099 310 2226 372 235

316 472 523 547 θεοὺς
564 469 812 546 πάντας
845 470 955 535 καὶ
988 467 1229 551 πάσας,
1274 467 1419 534 ὅσοι
1451 465 1575 551 τὴν
1605 468 1832 552 χώραν
1854 472 2077 552 ἔχουσι
2098 470 2223 555 τὴν

306 567 636 652 Ἀττικὴν,
680 568 790 634 καὶ
823 566 942 634 τὸν
970 565 1260 632 Ἀπόλλω
1295 565 1414 633 τὸν
1447 567 1749 649 Πύθιον,
1803 563 1874 642 ὃς
1920 568 2223 651 πατρῷός

313 670 449 732 ἐστι
471 676 554 752 τῇ
575 667 792 749 πόλει,
818 667 929 731 καὶ
949 665 1310 748 ἐπεύχομαι
1323 672 1483 728 πᾶσι
1508 665 1801 749 τούτοις,
1831 670 1891 729 εἰ
1909 665 2032 748 μὲν
2055 663 2223 749 άλη-

311 772 407 847 θῆ
427 762 589 847 πρὸς
609 761 778 846 ὑμᾶς
803 773 1041 845 είποιμι
1067 764 1175 827 καὶ
1201 760 1385 826 εἶπον
1406 759 1529 827 τότ’
1561 760 1770 838 εὐθὺς
1794 765 1868 826 ἐν
1888 770 1979 846 τῷ
2005 764 2215 849 δήμω,

314 860 422 926 ὅτε
446 870 711 942 πρῶτον
731 859 906 926 εἶδον
931 861 1193 925 τουτονὶ
1213 855 1331 924 τὸν
1356 856 1598 941 μιαρὸν
1617 859 1861 924 τούτου
1885 867 2005 923 τοῦ
2042 860 2216 941 πρά-
2233 872 2343 925 275
2407 877 2412 882 “

308 984 551 1041 γματος
573 956 945 1040 ἁπτόμενον
970 962 1211 1040 (ἔγνων
1238 953 1363 1036 γὰρ
1382 1005 1399 1037 ,
1428 953 1675 1029 εὐθέως
1702 960 1974 1040 ἔγνων),
2014 956 2213 1021 εὐτυ-ἑ

305 1061 453 1137 χίαν
476 1081 587 1138 μοι
611 1060 845 1120 δοῦναι
867 1056 976 1117 καὶ
1000 1059 1358 1134 σωτηρίαν,
1400 1058 1459 1117 εἰ
1478 1051 1548 1117 δὲ
1569 1052 1733 1136 πρὸς
1757 1059 2006 1137 ἔχθραν
2027 1050 2071 1137 η’
2096 1081 2211 1136 φι-

303 1158 630 1226 λονεικίας
654 1156 819 1226 ἰδίας
844 1148 1015 1214 ἕνεκ’
1047 1156 1260 1213 αἰτίαν
1282 1149 1501 1230 ἐπάγω
1524 1149 1736 1236 τούτω
1762 1156 2007 1234 ψευδῆ,
2036 1151 2210 1215 πάν-

301 1273 436 1313 των
458 1257 594 1313 τῶν
615 1246 890 1330 ἀγαθοῖν
914 1245 1244 1366 άνόνητόν
1267 1272 1346 1329 με
1369 1252 1654 1329 ποιῆσαι.

177 1369 279 1423 142
477 1353 559 1411 Τί
596 1339 719 1410 οὖν
760 1342 946 1409 ταῦτ’
992 1345 1316 1427 ἐπήραμαι
1360 1346 1469 1409 καὶ
1513 1344 1928 1428 διετεινάμην
1963 1341 2206 1412 οὑτωσὶ

302 1440 693 1526 σφοδρως;
669 1440 769 1507 ότι
794 1444 900 1520 καὶ
922 1442 1250 1524 γράμματ’
1278 1447 1443 1523 ἔχων
1468 1444 1538 1505 ἐν
1559 1467 1648 1504 τω
1675 1446 1962 1525 δημοσίω
1987 1451 2207 1525 κείμε-

301 1565 416 1619 να,
464 1542 526 1616 ἐξ
566 1564 660 1603 ων
693 1536 880 1602 ταῦτ’
923 1541 1215 1615 ἐπιδείξω
1252 1559 1513 1621 σαφως,
1561 1540 1670 1603 καὶ
1705 1537 1877 1623 ὑμας
1914 1540 2103 1616 είδως
2125 1538 2203 1606 τὰ

299 1638 725 1719 πεπραγμένα
747 1636 1314 1753 μνημονεύοντας,
1342 1638 1548 1700 ἐκεῖνο
1576 1644 1935 1721 φοβοῦμαι,
1960 1665 2048 1722 μη
2069 1666 2205 1705 των

306 1738 753 1815 εἰργασμένων
788 1731 969 1796 αύτω
1001 1759 1227 1798 κακων
1263 1730 1631 1819 ὑποληφθῇ
1668 1738 1861 1810 οὑτος
1883 1736 2205 1802 ἐλάττων

303 1827 465 1912 ὅπερ
490 1830 816 1911 πρότερον
840 1829 1163 1914 συνέβη,
1137 1831 1247 1896 ότε
1268 1830 1425 1908 τοὺς
1449 1833 1908 1916 ταλαιπώρους
1934 1838 2203 1911 Φωκέας

175 1937 276 1989 143
299 1927 601 2009 ἐποίησεν
623 1924 993 1991 απολέσθαι
1015 1954 1093 1991 τα
1129 1932 1341 2012 ψευδῆ
1375 1927 1560 2012 δεῦρ’
1595 1927 2009 2013 ἀπαγγείλας
2081 1960 2201 1999 τον

294 2049 419 2105 γαρ
456 2026 528 2088 ἐν
558 2021 877 2110 Ἀμφίσσῃ
916 2022 1238 2111 πόλεμον,
1287 2024 1371 2092 δι’
1411 2024 1490 2093 ὃν
1537 2035 1627 2123 είς
1658 2027 1988 2097 Ἐλάτειαν
2028 2024 2201 2117 ἦλθε

296 2127 615 2195 Φίλιππος
638 2124 744 2186 και
769 2121 854 2185 δι’
882 2119 962 2187 ὃν
981 2122 1194 2208 ηρέθη
1218 2150 1352 2190 των
1373 2116 1870 2210 Ἀμφικτυόνων
1903 2130 2189 2215 ἡγεμων,

296 2216 366 2292 ὃς
401 2215 639 2281 άπαντ’
678 2217 991 2301 ἀνέτρεψε
1026 2247 1104 2284 τα
1141 2248 1276 2286 των
1305 2220 1664 2310 Ελλήνων,
1712 2229 1919 2305 οὐτός
1940 2232 2116 2294 ἐστιν
2158 2226 2192 2295 ὁ

297 2317 919 2398 συγκατασκευάσας
954 2319 1061 2383 καὶ
1097 2320 1365 2387 πάντων
1406 2317 1496 2397 εἷς
1521 2321 1689 2407 ἀνὴρ
1713 2330 1846 2390 τῶν
1869 2334 2196 2410 μεγίστων

293 2422 498 2489 αἴτιος
532 2440 775 2479 κακων.
845 2416 954 2480 καὶ
990 2414 1125 2481 τότ’
1163 2416 1370 2494 εὐθὺς
1396 2422 1554 2502 ἐμοῦ
1577 2427 2193 2509 διαμαρτυρομένου

292 2509 399 2571 και
416 2515 710 2590 βοωντος
733 2512 804 2573 ἐν
839 2518 916 2594 τῇ
955 2514 1301 2598 ἐκκλησία
1308 2515 1621 2599 πόλεμον
1646 2527 1735 2595 εις
1758 2547 1880 2604 την
1894 2518 2194 2606 Ἀττικὴν

282 2601 633 2686 “ει’σάγεις,
679 2611 989 2688 Αἰσχίνη,
1038 2607 1328 2691 πόλεμον
1354 2610 1943 2694 Ἀμφικτυονικόν”
1969 2622 2038 2681 οι
2065 2646 2188 2701 μεν

292 2702 363 2764 ἐκ
389 2701 856 2784 παρακλήσεως
880 2706 1379 2790 συγκαθήμενοι
1403 2707 1525 2773 οὐκ
1551 2720 1706 2775 εἴων
1730 2738 1810 2795 με
1831 2716 2080 2798 λέγειν,
2129 2741 2190 2779 οι

203 2840 212 2847 2
294 2796 357 2861 δ’
396 2798 774 2881 ἐθαύμαζον
810 2802 920 2864 καὶ
952 2827 1155 2886 κενην
1189 2810 1402 2870 αἰτίαν
1440 2804 1548 2870 δια
1584 2805 1707 2892 τὴν
1742 2813 1916 2875 ι’δίαν
1942 2815 2193 2893 ἔχθραν

124 2926 130 2932 ’
165 2909 269 2963 144
289 2893 554 2976 ἐπάγειν
575 2920 654 2978 με
677 2893 1149 2981 ὑπελάμβανον
1173 2901 1372 2967 αὐτω
1416 2902 1558 2986 ἥτις
1582 2902 1645 2969 δ’
1668 2930 1709 2989 η
1736 2908 1965 2991 φύσις,
1992 2912 2043 2974 (ὁ
2071 2907 2195 2973 οἷν-

289 2995 437 3072 δρες
467 2991 834 3078 Ἀθηναιοι,
880 2999 1114 3079 γέγονε
1147 2999 1407 3066 τούτων
1429 3028 1567 3066 των
1591 3006 2032 3088 πραγμάτων,
2078 3033 2188 3071 και

282 3096 462 3165 τίνος
504 3092 694 3158 ἕνεκα
736 3100 944 3157 ταῦτα
987 3098 1499 3181 συνεσκευάσθη
1544 3101 1654 3165 καὶ
1685 3124 1825 3176 πως
1860 3103 2185 3186 ἐπράχθη,

285 3193 414 3250 νῦν
458 3183 815 3272 ἀκούσατε,
862 3190 1100 3275 ἐπειδὴ
1131 3193 1277 3259 τότε
1321 3196 1732 3280 ἐκωλύθητε·
1779 3200 1890 3263 καὶ
1930 3197 2060 3284 γὰρ
2107 3226 2185 3265 ευ

285 3309 551 3368 πραγμα
593 3288 918 3353 συντεθεν
962 3288 1247 3373 ὄψεσθε,
1303 3294 1413 3358 καὶ
1455 3297 1709 3377 μεγάλα
1755 3293 2183 3381 ωφελήσεσθε

283 3378 452 3463 πρὸς
475 3386 768 3464 ιστορίαν
789 3411 922 3450 των
947 3411 1228 3472 κοινων,
1264 3391 1375 3455 καὶ
1400 3389 1521 3475 ὅση
1548 3392 1844 3476 δεινότης
1878 3420 1964 3476 ην
1998 3418 2069 3457 εν
2089 3418 2181 3457 τω

285 3485 583 3545 Φιλίππω
608 3484 955 3550 θεάσεσθε.
