2622 4065
404 306 530 368 '328
847 309 992 365 xlx.
1059 306 1742 370 ΔΗΜΟΣΘΕΝΟ
1763 314 1891 372 ΤΣ

408 471 744 553 Θηβαίων,
759 464 892 532 ἀλλ’
912 463 1079 548 ὑπὲρ
1104 462 1294 548 ὑμῶν
1319 462 1506 543 ἄξιον
1531 472 1854 552 εἰρῆσθαι.
1903 477 2028 558 ἔφη
2052 473 2179 560 γὰρ
2199 475 2318 542 τὸν

410 571 748 633 Φίλιππον
782 561 961 648 ὁρῶν
996 565 1105 629 καὶ
1142 564 1619 649 μεγαλοψύχως
1658 569 1768 632 καὶ
1821 573 2318 657 φιλανθρώπως

412 672 645 749 ἔχοντα
679 661 843 745 πρὸς
879 660 1122 739 αὐτοὺς
1155 661 1443 748 ἥδεσθαι
1482 666 1594 730 καὶ
1634 673 1884 750 χαίρειν
1902 693 1915 705 ·
1969 668 2157 738 αὐτοὶ
2198 675 2320 757 μὲν

415 757 543 829 οὖν
565 761 886 844 ὑπάρχειν
902 759 1083 848 αὐτῷ
1101 768 1284 844 φίλοι
1300 764 1410 829 καὶ
1426 765 1598 841 ξένοι
1620 768 1728 830 καὶ
1751 765 1915 831 ἄνευ
1929 777 2062 833 τῶν
2086 772 2323 854 δώρων

412 860 691 944 τούτων,
719 866 807 938 εἰς
832 860 901 926 δὲ
923 857 1001 925 τὰ
1029 868 1143 944 τῆς
1166 860 1418 939 πόλεως
1440 862 1808 949 πράγματα,
1838 867 1910 931 ἐν
1931 862 2027 943 οἷς
2048 861 2136 951 ἦν
2155 870 2322 954 τότε,

412 946 537 1043 τὴν
576 965 1095 1043 φιλανθρωπίαν
1131 957 1338 1026 αὐτὸν
1370 957 1603 1045 ἠξίουν
1651 962 1898 1047 ταύτην
1943 972 2324 1054 προσθέντα

417 1057 607 1133 ἄξιόν
630 1083 691 1122 τι
714 1059 824 1122 καὶ
848 1055 1059 1123 αὑτοῦ
1081 1060 1351 1124 καὶτῶν
1376 1067 1687 1144 Θηβαίων
1709 1068 1979 1147 πρᾶξαι,
2028 1067 2135 1131 καὶ
2160 1064 2325 1149 ὅλην

417 1180 487 1220 τε
511 1153 637 1239 τὴν
660 1155 856 1222 πόλιν
888 1153 1064 1220 οὕτω
1089 1159 1197 1221 καὶ
1222 1170 1410 1240 σφεῖς
1445 1156 1838 1241 ὡμολόγουν
1860 1159 2177 1247 ὑπάρξειν
2202 1164 2327 1228 αὐ-

295 1269 397 1324 141
416 1277 527 1318 τω.
572 1254 681 1317 καὶ
703 1277 832 1336 γαρ
866 1278 967 1318 τοι
995 1257 1334 1333 σκέψασθε
1367 1262 1435 1321 τί
1463 1270 1598 1333 τοις
1619 1264 1930 1341 Θηβαίοις
1960 1265 2235 1344 γέγονεν
2258 1266 2327 1328 ἐκ

417 1344 676 1417 τούτων
695 1354 805 1417 καὶ
830 1378 892 1417 τι
881 1355 1324 1438 συμβέβηκε,
1360 1356 1470 1421 καὶ
1492 1356 1837 1423 θεασασθε
1860 1357 1965 1424 ἐπ’
1990 1360 2192 1445 αὐτῆς
2213 1369 2328 1445 τῆς

421 1444 739 1532 ἀληθείας
780 1447 1009 1533 ἡλίκον
1058 1453 1192 1516 ἐστὶ
1234 1451 1307 1517 τὸ
1356 1450 1442 1574 μή
1490 1463 1730 1521 πωλεῖν
1776 1482 1856 1520 τα
1902 1465 2016 1543 τῆς
2052 1459 2321 1537 πόλεως·

421 1570 689 1631 πρωτον
711 1573 833 1631 μεν
856 1553 1086 1613 τοίνυν
1111 1549 1336 1633 εἰρήνη
1360 1554 1634 1633 γέγονεν
1669 1551 1889 1630 αὐτοῖς
1913 1565 2195 1622 πονοῦσι
2217 1562 2328 1624 καὶ

419 1647 1069 1727 ταλαιπωρουμένοις
1090 1645 1215 1730 ήδη
1237 1672 1329 1711 τω
1354 1650 1615 1735 πολέμω
1641 1676 1750 1715 και
1770 1648 2193 1739 ἡττωμένοις,
2233 1656 2324 1721 εἶ·
2343 1673 2491 1745 385

418 1766 497 1807 τα
519 1767 655 1807 των
678 1745 939 1825 ἐχθρῶν
963 1749 1251 1809 Φωκέων
1283 1743 1495 1829 α’ρδην
1521 1746 1803 1868 ὄλεθρος
1838 1753 1945 1815 καὶ
1977 1751 2154 1818 ὅλων
2186 1779 2321 1819 των

416 1865 649 1923 τειχων
671 1842 780 1906 καὶ
804 1849 937 1906 τῶν
962 1840 1221 1915 πόλεων
1245 1840 1625 1926 ἀναιρέσεις.
1675 1873 1806 1928 αρα
1829 1851 1938 1914 καὶ
1958 1850 2133 1933 μόνα
2154 1860 2319 1916 ταῦ-

416 1962 525 2013 τα;
565 1936 645 2002 οὐ
669 1939 759 2022 μὰ
779 1947 876 2003 Δί
886 1938 923 2023 ’,
970 1938 1103 2007 ἀλλ’
1130 1946 1221 2007 ἔτι
1256 1941 1422 2025 πρὸς
1445 1945 1703 2021 τούτοις
1719 1943 2137 2031 Ὀρχομενὸς,
2180 1955 2319 2015 Ko-

416 2034 694 2120 ρώνεια,
739 2038 1027 2121 Κορσιά,
1073 2040 1144 2106 τὸ
1194 2048 1676 2127 Τιλφωσσαῖον,
1721 2052 1834 2128 τῆς
1870 2054 2008 2111 τῶν
2031 2051 2320 2114 Φωκέων

291 2149 392 2204 142
411 2134 631 2220 χώρας
658 2133 916 2220 ὁπόσην
937 2139 1314 2222 βούλονται.
1384 2155 1520 2218 τοις
1544 2169 1666 2225 μεν
1689 2141 1768 2227 δὴ
1796 2149 2106 2227 Θηβαίοις
2126 2143 2311 2211 ταῦτ’

411 2235 483 2298 ἐκ
505 2240 619 2316 τῆς
665 2234 930 2320 εἰρήνης
973 2240 1269 2324 γέγονεν,
1319 2267 1416 2305 ων
1450 2237 1600 2306 οὐδ’
1627 2270 1711 2307 αν
1758 2241 2055 2321 εύξαιντο
2104 2245 2318 2328 δήπου

411 2336 711 2412 μείζονα
757 2347 892 2411 τοϊς
928 2334 998 2400 δε
1032 2338 1347 2420 πρέσβεσι
1385 2352 1521 2415 τοῖς
1554 2365 1688 2405 των
1714 2348 2024 2426 Θηβαίων
2058 2348 2149 2422 τίς
2197 2341 2319 2410 οὐ-

413 2426 527 2492 δεν
571 2426 745 2512 πλὴν
791 2428 863 2495 τὸ
908 2430 1164 2498 τούτων
1211 2440 1438 2511 αἰτίοις
1480 2447 1880 2522 γεγενῆσθαι
1914 2468 1991 2527 τη
2018 2449 2310 2527 πατρίδι·

407 2549 608 2589 τουτο
634 2525 701 2590 δὲ
739 2525 980 2614 καλὸν,
1029 2554 1077 2594 ω
1105 2530 1343 2616 ανδρες
1370 2532 1740 2620 Ἀθηναιοι,
1786 2541 1893 2606 και
1937 2539 2182 2624 σεμνὸν
2225 2549 2316 2619 εἰς

404 2619 642 2707 αρετῆς
666 2623 870 2708 λόγον
891 2654 1000 2694 και
1025 2629 1241 2717 δόξης,
1281 2630 1366 2716 ἢν
1390 2636 1574 2701 οὑτοι
1594 2663 1946 2722 χρήματων
1970 2637 2311 2708 ἀπέδοντο.

403 2717 785 2806 ἆντιθωμεν
821 2724 901 2811 δὴ
938 2735 1006 2794 τί
1032 2738 1115 2814 τῇ
1148 2757 1284 2796 των
1305 2728 1683 2817 Ἀθηναίων
1715 2738 1902 2803 πόλει
1933 2741 2206 2821 γέγονεν
2241 2741 2312 2804 ἐκ

399 2825 517 2902 τῆς
551 2823 814 2907 ειρήνης
845 2828 956 2891 καὶ
990 2835 1057 2891 τί
1083 2842 1217 2903 τοις
1251 2834 1564 2915 πρέσβεσι
1597 2846 1730 2908 τοῖς
1763 2858 1896 2898 των
1917 2832 2307 2917 Ἀθηναίων,

399 2918 511 2981 καὶ
538 2927 852 3002 θεωρεῖτε
900 2930 960 2988 εί
982 2928 1406 3010 παραπλήσια
1439 2937 1522 3011 τῇ
1544 2930 1730 2996 πόλει
1751 2932 1859 2996 καὶ
1905 2932 2161 3018 τούτοις
2185 2930 2309 2997 αὐ-
2403 2993 2404 2996 ,

164 3039 166 3041 ·
232 3069 235 3072 Α
271 3021 374 3078 143
395 3026 545 3092 τοῖς.
612 3025 695 3104 τῇ
728 3018 918 3086 πόλει
955 3021 1076 3104 μὲν
1111 3030 1344 3089 τοίνυν
1379 3023 1819 3110 ἀφεστηκέναι
1851 3028 1973 3112 μὲν
1996 3025 2307 3096 ἁπάντων

392 3114 504 3178 και
525 3140 663 3180 των
684 3142 1035 3202 κτηματων
1057 3124 1166 3188 καὶ
1189 3148 1324 3188 των
1351 3144 1747 3208 συμμαχων,
1796 3122 2212 3209 ὀμωμοκέναι
2235 3126 2306 3193 δε

393 3217 731 3300 Φιλίππω,
780 3243 909 3282 καν
947 3217 1143 3297 αλλος
1180 3247 1274 3298 τις
1297 3232 1366 3346 ίη
1390 3223 1540 3289 ποτ’
1567 3221 1668 3288 ἐπ’
1702 3222 1870 3289 αὐτα
1894 3226 2305 3310 βουλόμενος

387 3308 656 3391 σώζειν,
690 3339 862 3396 υμας
897 3318 1226 3385 κωλύσειν
1262 3322 1372 3386 καὶ
1409 3319 1528 3388 τὸν
1560 3349 1682 3405 μεν
1704 3320 1863 3406 ὑμῖν
1885 3324 2304 3409 βουλόμενον
2388 3328 2393 3330 ’

383 3411 807 3492 παραδοῦναι
838 3412 1090 3498 ἐχθρὸν
1126 3417 1496 3502 ἡγήσεσθαι
1546 3422 1656 3487 και
1689 3424 2035 3507 πολέμιον,
2078 3420 2195 3486 τὸν
2231 3420 2302 3488 δε

258 3514 361 3569 144
382 3501 878 3595 απεστερηκότα
914 3517 1262 3600 σύμμαχον
1297 3520 1407 3584 καὶ
1446 3525 1662 3603 φίλον
1731 3545 1938 3584 ταυτα
1970 3517 2097 3654 γάρ
2123 3521 2300 3584 ἐστιν
