2622 4065
568 310 817 372 ΠΕΡΙ
867 311 1079 370 ΤΗΣ
1119 310 2003 376 ΠΑΡΑΠΡΕΣΒΕΙΑΣ.
2117 317 2245 379 313

345 493 410 539 σι
432 479 701 557 Φωκεῖς,
727 478 794 537 τί
808 478 1035 549 τοῦτος
1081 468 1255 535 οὕτω
1281 467 1407 553 γὰρ
1424 471 1740 556 διέθηκας
1757 471 2026 558 αὐτοὺς,
2048 473 2248 562 οἶμαι,

342 567 416 635 τὸ
441 571 636 654 μέρος
674 566 757 635 σὺ
796 567 961 635 ὥστε
998 567 1156 653 μήτε
1202 583 1337 646 τοῖς
1364 577 1580 654 φίλοις
1601 579 1881 657 βοηθεῖν
1902 576 2064 660 μήτε
2088 579 2245 657 τούς

340 665 620 753 ἐχθροὺς
642 665 1018 750 ἀμύνεσθαι
1041 667 1391 735 δύνασθαι.

254 779 322 836 83
507 769 638 836 Καὶ
672 764 805 850 μὴν
845 765 945 832 ὅτι
983 769 1176 851 χωρὶς
1210 776 1324 851 τῆς
1362 766 1562 851 ἄλλης
1598 769 1909 855 αἰσχύνης
1944 775 2055 838 καὶ
2079 771 2244 842 ἔιδο-

341 870 496 949 ξιάς,
518 863 603 949 ἢν
625 862 703 930 τὰ
729 868 1154 949 πεπραγμένα
1179 869 1325 948 ἔχει,
1353 868 1461 931 καὶ
1484 869 1757 950 μεγάλοι
1790 876 2093 939 κίνδυνοι
2117 897 2238 939 πε-

339 970 673 1045 ριεστοῖσιν
696 966 766 1028 ἐκ
792 965 1050 1029 τούτων
1071 961 1193 1046 τὴν
1220 964 1435 1047 πόλιν,
1462 964 1694 1051 ῥᾴδιον
1721 972 1938 1047 δεῖξαι.
1988 977 2083 1047 τίς
2103 969 2244 1056 γὰρ·
2270 988 2273 991 “

337 1057 460 1125 οὐκ
485 1059 663 1125 οἶδεν
685 1059 874 1143 ὑμῶν
900 1059 999 1125 ὅτι
1020 1069 1111 1148 τῷ
1126 1064 1417 1126 Φωκέων
1434 1066 1693 1151 πολέμῳ
1719 1068 1944 1153 καὶτῷ
1964 1074 2239 1149 κυρίους
2331 1120 2333 1122 -

336 1156 503 1221 εἶναι
523 1165 771 1222 Πυλῶν
795 1161 1063 1234 Φωκέας
1087 1156 1129 1241 ἥ
1148 1185 1216 1224 τε
1244 1157 1371 1225 ἀπὸ
1398 1167 1708 1245 Θηβαίων
1732 1162 1919 1228 ἄδεια
1942 1163 2240 1251 ὑπῆρχεν

328 1251 488 1337 ἡμῖν
542 1257 654 1320 καὶ
706 1253 778 1321 τὸ
825 1255 1135 1339 μηδέποτ’
1187 1260 1411 1322 ἐλθεῖν
1457 1253 1543 1323 ἄν
1587 1264 1676 1335 εἰς
1715 1262 2240 1347 Πελοπόννησον

331 1349 485 1434 μηδ’
514 1357 602 1427 εἰς
623 1351 920 1437 Εὔβοιαν
945 1351 1097 1436 μηδ’
1129 1359 1218 1430 είς
1241 1353 1362 1437 τὴν
1391 1353 1688 1440 Ἀττικὴν
1714 1366 2047 1426 Φίλιππον
2074 1364 2241 1447 μηδὲ

141 1445 145 1449 ’
245 1457 311 1509 84
335 1454 694 1531 Θηβαίους·
681 1498 697 1526 ,
742 1449 991 1531 ταύτην
1032 1453 1255 1532 μέντοι
1278 1451 1400 1534 τὴν
1427 1450 1554 1518 ἀπὸ
1593 1480 1712 1519 του
1734 1457 1946 1522 τόπου
1968 1462 2079 1525 καὶ
2102 1486 2242 1526 των
2327 1456 2330 1458 ’

332 1571 735 1627 πραγματων
778 1543 1000 1611 αὐτων
1048 1546 1418 1630 ἀσφαλειαν
1456 1548 1890 1637 ὑπαρχουσαν
1932 1566 2013 1643 τῇ
2050 1558 2241 1624 πόλει

333 1657 474 1721 ταῖς
496 1643 753 1709 τούτων
774 1668 1047 1721 απαταις
1059 1646 1167 1711 και
1188 1652 1649 1733 ψευδολογίαις
1663 1656 2046 1731 πεισθέντες
2068 1680 2239 1740 προ-

329 1738 565 1823 ήκασθ’
582 1738 784 1824 υμεῖς,
812 1746 920 1807 καὶ
942 1747 1421 1828 τετειχισμένην
1443 1745 1568 1811 ὅπλ
1575 1773 1670 1824 οις
1692 1751 1800 1816 καὶ
1822 1755 2084 1840 πολέμω
2112 1774 2234 1819 συ-

328 1851 507 1920 νεχεῖ
535 1840 643 1902 καὶ
676 1838 907 1904 πόλεσι
929 1840 1239 1923 μεγαλαις
1282 1844 1645 1927 συμμαχων
1682 1844 1950 1928 ανδρων
1972 1854 2081 1915 καὶ
2102 1852 2237 1934 χεῦ’-

330 1959 415 2019 ρα
439 1940 647 2020 πολλῇ
685 1935 1029 2017 περιείδετ
1058 1935 1568 2008 ανασταθεῖσαν.
1638 1947 1748 2009 καὶ
1782 1954 2023 2029 ματαία
2049 1948 2230 2036 μενὴ

328 2032 655 2115 πρότερον
679 2035 1019 2119 βοήθεια
982 2064 1020 2120 η
1049 2043 1138 2113 εἰς
1158 2038 1447 2117 Πύλας
1412 2057 1570 2125 υμῖν
1602 2046 1910 2130 γέγονεν,
1951 2046 2037 2164 ἣν
2070 2076 2234 2133 μετα

327 2128 708 2196 πλειόνων
676 2159 715 2214 η
745 2137 1098 2200 διακοσίων
1120 2143 1463 2204 ταλάντων
1487 2142 1910 2228 ἐποιήσασθε,
1939 2141 2025 2209 α“ν
2048 2155 2235 2231 λογί-

328 2236 537 2311 σησθε
571 2227 686 2305 τὰς
733 2235 898 2308 ἰδίας
945 2234 1241 2311 δαπανας
1284 2262 1398 2313 τας
1435 2263 1571 2304 των
1616 2247 2229 2331 στρατευσαμένων,

240 2342 306 2394 85
328 2350 592 2408 ματαιαι
615 2326 684 2392 δε
708 2329 816 2392 καὶ
840 2332 911 2393 αι
929 2355 1094 2395 κατα
1125 2339 1434 2416 Θηβαίων
1457 2338 1726 2414 ἐλπίδες.
1776 2336 1812 2404 ὃ
1836 2344 1925 2424 δὲ,
1962 2352 2234 2412 πολλῶν

328 2421 542 2486 ὄντων
565 2427 674 2488 και
703 2430 937 2491 δεινων
964 2454 1059 2492 ων
1084 2455 1277 2506 ουτος
1302 2429 1666 2519 ὑπηρέτηκε
1692 2444 2016 2527 Φιλίππω,
2047 2450 2231 2509 πλεί-

324 2539 486 2600 στην
509 2517 706 2602 ὕβριν
732 2547 817 2596 ως
842 2523 1108 2641 αληθως
1130 2532 1255 2608 ἔχει
1276 2555 1442 2593 κατα
1467 2539 1580 2614 τῆς
1602 2534 1858 2613 πόλεως
1879 2540 1986 2603 και
2012 2562 2231 2606 απαν-

321 2638 454 2677 των
500 2610 720 2698 ὑμῶν,
765 2617 948 2682 τουτ’
991 2618 1321 2689 ακούσατέ
1360 2652 1524 2710 μου,
1584 2628 1682 2696 ὅτι
1725 2647 1860 2709 τοῖς
1906 2643 2227 2720 Θηβαίοις

321 2713 690 2795 ἐγνωκότος
727 2718 788 2794 ἐξ
826 2713 1026 2801 ἀρχῆς
1068 2728 1187 2786 τοῦ
1225 2730 1559 2791 Φιλίππου
1586 2727 1788 2795 πανθ’
1826 2758 1866 2795 α
1907 2741 2224 2820 πεποίηκε
2430 2820 2432 2822 ¹

279 2824 553 2893 ποιεῖν,
590 2815 783 2890 οὖτος
808 2814 1201 2899 ἀπαγγείλας
1224 2819 1539 2888 τάναντία
1573 2828 1680 2890 καὶ
1713 2854 2046 2914 φανερους
2082 2858 2226 2899 επι-
2247 2860 2355 2915 363

321 2912 530 2986 δειξας
562 2936 730 2993 υμας
765 2910 910 2996 ουχὶ
954 2921 1403 3000 βουλομένους
1447 2921 1605 3004 ὑμῖν
1652 2950 1772 3005 μεν
1815 2923 1938 3009 τὴν
1975 2932 2227 3014 ἔχθραν

317 3029 442 3085 την
465 3004 629 3089 πρὸς
655 3016 986 3092 Θηβαίους
1008 3020 1234 3100 μείζω,
1282 3025 1586 3103 Φιλίππῳ
1625 3022 1697 3095 δε
1735 3022 1855 3106 τὴν
1889 3052 2084 3108 χαριν
2107 3052 2227 3094 πε-

319 3106 607 3219 ποίηκεν
670 3128 809 3183 πως
832 3104 916 3173 α“ν
939 3114 1065 3175 οὐν
1090 3109 1645 3199 ὑβριστικώτερον
1681 3118 2042 3202 ἄνθρωπος
2065 3122 2228 3209 υμῖν

320 3199 668 3282 ἐχρήσατο·
657 3251 670 3276 ,

232 3321 299 3377 86
405 3359 407 3361 μ
487 3301 653 3380 Λέγε
678 3294 754 3381 δὴ
783 3297 854 3366 τὸ
882 3302 1187 3390 ψηφισμα
1212 3310 1437 3393 λαβων
1459 3307 1530 3377 τὸ
1556 3321 1678 3378 τοῦ
1700 3317 2091 3399 Διοφαντου
2112 3332 2224 3386 καὶ

317 3390 393 3460 τὸ
420 3420 540 3460 του
561 3403 1135 3486 Καλλισθένους,
1119 3404 1197 3470 ι”ν
1225 3408 1486 3494 εἰδῆτε
1462 3408 1583 3494 ότι,
1623 3410 1733 3477 ὅτε
1754 3440 1876 3495 μεν
1897 3440 1974 3478 τα
2002 3416 2218 3482 δέοντ’

318 3490 615 3575 ἐποιεῖτε,
640 3501 903 3561 θυσιων
937 3500 1045 3565 καὶ
1073 3502 1365 3570 ἐπαίνων
1388 3502 1704 3590 ἠξιοῦσθε
1728 3507 1874 3591 παρ’
1900 3506 2058 3594 ὑμῖν
2093 3537 2218 3578 αυ-
