2622 4065
403 310 529 370 330
834 271 973 369 x1x.
1040 308 1349 368 AHMO
1366 299 1722 382 EQENO
1744 313 1877 371 ΤΣ

403 468 593 557 αὐτῷ·
622 466 702 534 τὰ
730 475 1107 551 Θετταλῶν,
1153 469 1263 532 καὶ
1288 474 1557 549 Φεραῖοι
1593 475 1859 549 πρῶτον
1895 468 1977 534 οὐ
2019 490 2310 555 συνηκο-

402 567 742 651 λούθουν,
790 569 1186 649 ἐκρατοῦντο
1226 565 1297 631 δὲ
1324 569 1602 649 Θηβαῖοι
1637 567 1745 632 καὶ
1782 564 1996 651 μάχην
2028 568 2305 652 ἥττηντο

402 667 515 730 καὶ
560 666 878 746 τρόπαιον
922 662 1036 727 ἀπ’
1085 660 1305 727 αὐτῶν
1351 662 1665 747 εἱστήκει,
1713 660 1835 728 οὐκ
1883 669 2092 728 ἔνεστι
2137 690 2310 749 παρ-

403 771 664 845 ελθεῖν,
714 767 773 827 εἰ
804 757 1177 847 βοηθήσεθ’
1207 758 1424 843 ὑμεῖς,
1471 757 1644 842 οὐδ’,
1692 754 1779 824 ἂν
1805 763 2121 843 ἐπιχειρῇ,
2165 768 2312 843 χαί-

404 885 576 941 ρειν,
626 864 685 924 εἰ
715 857 802 942 μή
838 885 933 955 τις
966 861 1154 941 τέχνη
1192 858 1728 941 προσγενήσεται.
1799 881 1936 933 πως
1979 861 2107 921 οὐν
2149 858 2309 941 μήτε

401 957 748 1040 ψεύσωμαι
794 983 1129 1041 φανερως,
1191 953 1341 1039 μήτ’
1396 959 1724 1039 ἐπιορκεῖν
1769 955 1962 1032 δόξας
2008 952 2217 1019 πάνθ’
2267 951 2311 1019 ὁὶ

404 1055 730 1139 βούλομαι
775 1054 1264 1138 διαπράξωμαι;
1309 1060 1477 1130 πῶς;
1524 1079 1766 1134 ουτως,
1813 1047 1898 1117 ἄν
1934 1049 2311 1134 Ἀθηναίων

403 1175 586 1228 τινας
643 1152 818 1236 εύρω
876 1154 1031 1228 τοὺς
1066 1149 1463 1235 Ἀθηναίους
1521 1149 2073 1234 ἐξαπατήσοντας·
2145 1139 2318 1213 ταύ-

276 1273 382 1326 321
402 1274 514 1333 της
566 1249 692 1333 γὰρ
754 1248 974 1315 οὐκέτ’
1031 1247 1157 1332 ἐγώ
1202 1274 1317 1331 της
1362 1247 1675 1331 αἰσχύνης
1719 1251 2130 1330 κληρονομω.
2202 1272 2313 1311 εν-

402 1355 649 1412 τεῦθεν
682 1351 748 1411 οἱ
780 1340 901 1430 μὲν
936 1345 1094 1431 παρ’
1133 1350 1391 1411 ἐκείνου
1427 1347 1726 1429 πρέσβεις
1758 1342 2130 1427 προῦλεγον
2154 1340 2314 1425 ὑμῖν
2402 1335 2405 1339 v

407 1442 508 1507 ότι
533 1448 800 1518 Φωκέας
827 1440 906 1507 οὐ
928 1445 1355 1524 προσδέχεται
1381 1449 1702 1516 Φίλιππος
1726 1441 2141 1525 συμμάχους,
2190 1443 2313 1505 οὑ·-

403 1566 507 1605 τοι
534 1539 597 1605 δ’
626 1542 1044 1623 ἐκδεχόμενοι
1068 1547 1296 1604 τοιαῦτ
1306 1538 1836 1621 ἐδημηγόρουν,
1885 1564 1973 1613 ως
2009 1561 2314 1620 φανερως

404 1639 526 1721 μὲν
564 1636 710 1720 οὐχὶ
743 1646 958 1713 καλῶς
993 1642 1118 1719 ἔχει
1151 1643 1242 1720 τῷ
1280 1643 1581 1720 Φιλίππῳ
1628 1637 2116 1717 προσδέξασθαι
2158 1633 2315 1709 τοὺς

406 1738 677 1811 Φωκέας
713 1736 1098 1819 συμμάχους
1138 1731 1243 1798 διὰ
1281 1731 1436 1809 τούς
1476 1739 1807 1816 Θηβαίους
1841 1730 2124 1806 καὶτοὺς
2149 1739 2316 1795 Θετ-

400 1830 674 1915 ταλοὺς,
723 1829 808 1897 ἂν
847 1832 916 1897 δὲ
940 1834 1207 1915 γένηται
1232 1839 1368 1895 τῶν
1391 1830 1795 1913 πραγμάτων
1816 1828 2044 1909 κύριος
2068 1829 2175 1892 καὶ
2197 1833 2313 1910 τῆς

402 1930 666 2013 εἰρήνης
689 1929 882 2014 τύχῃ,
912 1929 1077 2010 ἅπερ
1104 1925 1189 1993 ἄν
1213 1929 1591 1993 συνθέσθαι
1614 1936 1743 1992 νῦν
1767 1924 2160 2009 ἀξιώσαιμεν
2186 1922 2314 1989 αὐ-

272 2057 381 2108 322
399 2029 520 2094 τὸν
533 2079 551 2111 ,
575 2038 782 2093 ταῦτα
807 2026 1063 2111 ποιήσει
1080 2027 1244 2094 τότε.
1314 2025 1436 2110 τὴν
1458 2026 1577 2110 μὲν
1600 2035 1830 2090 τοίνυν
1857 2023 2123 2107 εἰρήνην
2146 2021 2311 2088 ταύ-

396 2153 536 2203 ταις
560 2142 698 2203 ταῖς
722 2130 933 2192 ἐλπίσι,-
955 2131 1063 2192 καὶ
1085 2140 1223 2211 ταῖς
1248 2128 1614 2207 ἐπαγωγαῖς
1639 2122 1912 2205 εὕροντο
1937 2120 2093 2206 παρ’
2119 2118 2311 2204 ὑμῶν

398 2224 563 2290 ἄνευ
589 2227 908 2290 Φωκέων·
954 2226 1078 2308 τὴν
1111 2224 1180 2289 δὲ
1215 2225 1542 2308 βοήθειαν
1575 2227 1705 2288 ἔδει
1740 2229 2037 2287 κωλῦσαι
2071 2220 2192 2304 την
2219 2223 2311 2294 εἰς

396 2350 512 2400 τας
534 2323 793 2408 Πύλας,
821 2322 928 2407 ἐφ’
948 2350 1034 2406 ην
1055 2327 1123 2410 αἱ
1141 2324 1552 2405 πεντήκοντα
1575 2319 1861 2403 τριήρεις
1886 2319 2062 2401 ὅμως
2088 2316 2311 2399 ἐφώρ-

398 2446 606 2504 μουν,
654 2418 739 2484 ἵν’
750 2470 766 2502 ,
827 2426 885 2483 εἰ
925 2420 1273 2499 πορεύοιτο
1324 2424 1677 2499 Φιλιππος,
1735 2412 2058 2481 κωλύοιθ’
2107 2410 2308 2496 ὑμεῖς.

266 2544 380 2598 323
400 2540 539 2593 πως
573 2521 723 2593 ούν;
747 2523 843 2594 τίς
862 2520 1051 2599 τέχνη
1086 2515 1288 2580 παλιν
1323 2519 1408 2579 αὐ
1453 2513 1796 2596 γενήσεται
1843 2513 1990 2595 περὶ
2032 2509 2308 2592 ταύτης;

396 2641 552 2692 τους
585 2613 868 2698 χρόνους
904 2640 1095 2697 υμων
1132 2611 1502 2697 άφελέσθαι
1537 2615 1644 2676 καὶ
1669 2614 2008 2694 ἐπιστῆσαι
2030 2635 2108 2673 τα
2134 2606 2309 2689 πρά-

393 2740 608 2799 γματα
632 2711 1003 2795 ἀγαγόντας
1029 2710 1252 2795 ἄφνω,
1297 2714 1405 2775 ἵνα
1430 2707 1583 2792 μηδ’
1611 2704 1697 2773 ἂν
1718 2707 2060 2792 βούλησθε
2098 2705 2307 2787 δύνη-

396 2822 521 2877 σθε
547 2814 853 2888 ἐξελθεῖν.
904 2808 1158 2874 οὐκοῦν
1183 2806 1370 2873 τοῦθ’
1399 2799 1584 2872 οὗτοι
1608 2806 2002 2887 πράττοντες
2026 2807 2307 2885 φαίνον-
2326 2805 2433 2858 445
2496 2809 2511 2812 ”
2545 2833 2548 2835 -

393 2936 519 2992 ται,
547 2906 672 2990 ἐγώ
699 2914 737 2971 δ
748 2907 786 2991 ’,
820 2905 1040 2986 ὥσπερ
1070 2903 1385 2989 ἀκηκόατ’
1411 2902 1540 2986 ἤδη
1568 2901 1901 2981 πολλάκις,
1929 2898 2073 2979 οὐχὶ
2101 2901 2308 2979 δυνη-
2498 2891 2522 2898 '⁴

176 3092 178 3094 v
391 3011 538 3084 θεὶς
561 3014 1046 3091 προαπελθεῖν,
1073 3002 1236 3068 ἄλλα
1261 3004 1370 3067 καὶ
1394 2998 1899 3083 μισθωσάμενος
1923 3004 2156 3060 πλοῖον
2187 3019 2309 3058 κα-

236 3095 368 3182 Γ324
392 3107 804 3179 τακωλυθεὶς
854 3106 1225 3168 ἐκπλεῦσαι.
1294 3096 1462 3165 ἄλλα
1504 3100 1615 3163 καὶ
1657 3103 2000 3161 πιστεῦσαι
2038 3094 2309 3168 Φωκέας

395 3207 527 3270 ἔδει
554 3208 857 3288 Φιλίππω
884 3201 993 3266 καὶ
1016 3199 1284 3274 εκόντας
1310 3200 1655 3279 ἐνδοῦναι,
1691 3199 1801 3260 ι’να
1825 3196 2046 3278 μηδεὶς
2070 3191 2309 3275 χρόνος

393 3304 741 3385 ἐγγένηται
761 3313 896 3375 τοῖς
928 3298 1268 3381 πράγμασι
1290 3293 1445 3415 μηδ’
1471 3298 1771 3360 ἐναντίον
1795 3297 1960 3376 ἔλθη
1999 3291 2308 3373 ψήφισμα

391 3398 543 3482 παρ’
569 3425 761 3483 υμων
784 3398 1006 3482 μηδέν.
1055 3394 1305 3460 οὐκοῦν
1333 3421 1419 3469 ως
1443 3420 1562 3477 μεν
1588 3395 1652 3456 οἱ
1674 3398 1925 3464 Φωκεῖς
1951 3384 2311 3469 σωθήσον-

390 3525 528 3584 ται,
577 3523 756 3585 παρα
796 3501 931 3562 τῶν
952 3493 1324 3580 Ἀθηναίων
1349 3496 1689 3575 πρέσβεων
1711 3479 2306 3577 ἀπαγγελθήσεται,
