2622 4065
364 286 497 348 ,376
799 293 938 347 xnx.
1019 291 1257 348 AHM
1273 292 1700 357 οΣοΕΝο
1722 303 1777 357 ν
1795 304 1856 361 2:

361 452 756 535 Ἀρκαδίαν,
807 448 1039 525 οἵτινες
1074 452 1603 567 κατηγορήσουσι
1645 465 1782 523 τῶν
1824 461 1903 525 τὰ
1947 472 2279 534 Φιλίππου

370 546 826 629 πραττόντων·
873 545 1147 612 ἀκούειν
1173 546 1299 633 γὰρ
1328 554 1453 675 ἔφη
1480 559 1617 618 τῶν
1645 561 1859 637 φίλων
1885 557 1971 636 ὡς
1995 563 2112 628 ε’ὀιν
2138 568 2277 632 ἐπι-

371 641 673 728 στροφὴν
693 642 732 729 ἡ
761 644 950 721 πόλις
973 645 1323 729 ποιήσηται
1345 649 1455 714 καὶ
1482 653 1784 736 πρέσβεις
1809 658 2027 743 πέμψῃ
2043 708 2061 740 ,
2089 666 2277 746 δίκην

244 742 352 810 367
372 744 609 807 ἐκεῖνοι
634 742 986 808 δώσουσιν.
1058 751 1266 809 ταῦτα
1288 745 1411 828 μὲν
1435 754 1667 814 τοίνυν
1687 750 1833 817 τότε
1857 757 1966 820 καὶ
1989 757 2192 837 μάλα,
2224 765 2273 823 03

369 843 609 925 ἄνδρες
624 838 998 925 Ἀθηναῖοι,
1042 839 1212 907 καλα
1241 845 1350 907 καὶ
1372 853 1487 928 τῆς
1514 845 1762 925 πόλεως
1784 848 1930 927 ἄξια
1955 855 2277 938 ἐδημηγό-

370 963 485 1018 ρει.
546 937 764 1023 ἐπειδὴ
793 945 854 1003 δ’
889 936 1160 1023 αφίκετο
1189 946 1277 1017 εἰς
1298 948 1733 1011 Μακεδονίαν
1757 949 1865 1013 καὶ
1886 949 2002 1015 τὸν
2029 951 2276 1071 ἐχθρὸν

369 1033 499 1123 εἶδε
525 1035 644 1101 τὸν
669 1034 881 1102 αὑτοῦ
901 1040 1009 1103 καὶ
1033 1065 1169 1103 των
1184 1035 1548 1125 Ελλήνων,
1595 1042 1713 1111 τὸν
1742 1053 2102 1131 Φίλιππον,
2144 1051 2273 1133 άρά

288 1127 295 1137 ²
368 1142 443 1216 γε
489 1131 683 1218 ὅμοια
725 1131 768 1219 ἦ
812 1136 1238 1256 παραπλήσια
1283 1140 1571 1217 τούτοις;
1619 1151 1868 1209 πολλου
1903 1172 1975 1228 γε
2010 1149 2117 1212 καὶ
2155 1151 2272 1231 δεῖ,

368 1228 535 1296 ἄλλα
561 1231 722 1348 μήτε
745 1258 879 1298 των
902 1234 1256 1317 προγόνων
1279 1245 1657 1322 μεμνῆσθαι
1681 1241 1839 1324 μήτε
1865 1243 2142 1326 τρόπαια
2166 1247 2274 1310 λε’-

287 1381 290 1383 ,
365 1354 509 1410 γειν
554 1329 713 1413 μήτε
759 1338 1038 1415 βοηθεῖν
1076 1336 1338 1418 μηδενὶ,
1385 1344 1520 1401 τῶν
1555 1363 1623 1402 τε
1662 1341 2076 1406 κελευόντων
2110 1368 2271 1424 μετα

366 1450 503 1491 των
527 1423 860 1510 Ἑλλήνων
904 1432 1051 1511 περὶ
1094 1439 1208 1514 τῆς
1240 1457 1404 1513 προς
1441 1440 1770 1500 Φίλιππον
1809 1436 2068 1521 εἰρήνης
2105 1446 2270 1522 βου·-

365 1522 684 1600 λεύεσθαι
718 1527 1118 1610 θαυμάζειν,
1166 1534 1225 1593 εἰ
1252 1532 1398 1622 περὶ
1431 1557 1565 1613 των
1587 1530 1918 1617 ὑμετέρων
1944 1541 2127 1601 ἰδίων
2150 1536 2269 1603 άλ-

246 1627 350 1681 308
367 1627 488 1686 λον
512 1625 658 1687 τινὰ
688 1627 784 1688 δεῖ
806 1631 1195 1707 πεισθῆναι·
1245 1624 1417 1690 εἶναι
1436 1653 1504 1692 τε
1524 1628 1642 1693 τὸν
1671 1636 1999 1697 Φίλιππον
2039 1631 2264 1718 αυτὸν,

353 1716 714 1805 Ηράκλεις,
737 1718 1294 1805 Ἑλληνικώτατον
1322 1721 1730 1809 ἀνθρώπων,
1753 1729 2132 1795 δεινότατον
2157 1735 2264 1796 λε’-

361 1843 507 1900 γειν
521 1869 538 1901 ,
588 1820 1225 1903 φιλαθηναιότατον·
1273 1819 1445 1887 οὕτω
1484 1824 1553 1887 δε
1578 1821 1866 1901 ἀτόπους
1888 1852 2067 1902 τινας
2091 1830 2163 1893 ἐν
2185 1837 2265 1914 τῇ

362 1914 554 1980 πόλει
573 1918 682 1980 καὶ
709 1920 1039 2000 δυσχερεῖς
1064 1916 1468 2003 ἀνθρώπους
1494 1919 1659 1985 εἶναι
1700 1922 1861 1986 ὥστε
1885 1921 2007 1987 οὐκ
2033 1925 2263 2007 αἰσχυ-

360 2023 604 2080 νεσθαι
618 2017 1169 2098 λοιδορουμένους
1187 2014 1368 2082 αὐτω
1387 2019 1493 2084 καὶ
1512 2019 1852 2104 βάρβαρον
1872 2018 2077 2088 αυτὸν
2095 2019 2261 2088 άπο-

360 2118 749 2188 καλοῦντας.
796 2116 975 2178 ε’στιν
1002 2118 1125 2179 οὐν
1149 2112 1326 2192 ὅπως
1348 2143 1509 2182 ταυτ
1520 2114 1682 2198 ’άν,
1713 2123 1967 2184 εκεῖνα
1949 2145 2259 2206 προειρη-
2278 2143 2383 2195 440
2469 2172 2471 2174 ·

358 2234 523 2290 κως,
571 2206 603 2273 ὁ
645 2205 847 2286 αυτὸς
870 2207 1040 2329 ανὴρ
1064 2210 1151 2296 μὴ
1196 2218 1588 2298 διαφθαρεὶς
1634 2217 1991 2302 ἐτόλμησεν
2019 2227 2254 2299 εἰπεῖν;

233 2330 337 2383 309
358 2312 423 2371 τί
445 2308 547 2385 δέ;
597 2304 746 2372 ἔσθ
791 2306 968 2385 όστις
993 2306 1075 2375 ἄν
1101 2309 1220 2377 τὸν
1240 2310 1651 2396 Ἀτρεστίδαν
1675 2314 1820 2380 τότε
1849 2319 2126 2401 μισήσας
2151 2318 2253 2382 διὰ

356 2401 512 2480 τοὺς
547 2412 679 2468 τῶν
710 2403 1082 2472 Ὀλυνθίων
1118 2414 1355 2486 παῖδας
1389 2412 1497 2476 καὶ
1530 2411 1776 2494 γύναια
1811 2411 2014 2477 ταῦτα
2054 2421 2255 2478 Φιλο-

355 2501 583 2582 κράτει
617 2510 746 2568 νῦν
779 2504 1088 2585 πράττειν
1122 2503 1506 2592 ὑπέμεινεν,
1557 2506 1626 2585 ὃς
1650 2524 1964 2592 γυναῖκας
1988 2512 2254 2576 ἐλευθέ-
2284 2554 2297 2558 -

354 2624 474 2680 ρας
504 2607 641 2665 τών
662 2598 1031 2668 Ὀλυνθίων
1052 2602 1258 2688 ἤγαγε
1283 2604 1467 2687 δεῦρ’
1502 2606 1613 2692 ἐφ’
1641 2607 1859 2694 ὕβρει,
1908 2612 2016 2674 καὶ
2041 2608 2250 2685 οὕτως
2313 2626 2322 2630 “

350 2697 454 2762 ἐπὶ
474 2702 570 2783 τῷ
592 2703 928 2781 βδελυρῶς
952 2705 1343 2786 βεβιωκέναι
1376 2705 1812 2788 γιγνώσκεται
1845 2702 2009 2771 ὥστε
2045 2704 2249 2789 μηδὲν

349 2796 459 2876 ἐμὲ
498 2795 770 2880 αἰσχρὸν
805 2804 1009 2864 εἰπεῖν
1042 2806 1194 2866 νυνὶ
1231 2805 1379 2887 περὶ
1418 2802 1627 2868 αὐτοῦ
1663 2808 1802 2866 δεῖν
1827 2804 1988 2884 μηδὲ
2014 2807 2248 2885 δυσχε-

348 2891 486 2972 ρὲς,
532 2889 698 2957 ἄλλα
731 2904 1054 2960 τοσοῦτον
1092 2899 1388 2975 εἰπόντος
1423 2900 1666 2982 μόνον,
1718 2899 1819 2965 ὅτι
1842 2899 2246 2982 Φιλοκράτης

344 2999 666 3074 γυναῖκας
690 2986 927 3074 ἤγαγε,
975 2992 1224 3070 πάντας
1259 2992 1429 3077 ὑμᾶς
1454 2996 1695 3060 εἰδέναι
1721 2996 1827 3060 καὶ
1849 2992 2003 3072 τούς
2025 3019 2243 3080 περιε-

343 3086 664 3169 στηκότας
684 3087 760 3152 τὰ
788 3088 949 3171 μετὰ
972 3097 1210 3175 ταῦτα,
1260 3095 1370 3158 καὶ
1392 3096 1626 3177 ἐλεεῖν,
1675 3084 1753 3157 εὖ
1787 3090 1913 3157 οἶδ’
1950 3091 2079 3177 ὅτι,
2128 3091 2243 3170 τοὶς

342 3180 599 3265 άτυχεῖς
625 3188 733 3251 καὶ
756 3190 1212 3272 ταλαιπώρους
1240 3188 1677 3275 ἀνθρώπους,
1715 3186 1791 3267 ἃς
1817 3187 1939 3255 οὐκ
1964 3187 2243 3274 ἠλέησεν

341 3286 686 3367 Αἰσχίνης,
720 3283 868 3349 οὐδ’
897 3287 1317 3370 εδάκρυσεν’
1286 3292 1391 3355 επὶ
1413 3290 1677 3365 ταύταις
1700 3288 1823 3372 τὴν
1835 3286 2147 3368 Ελλάδα,
2187 3293 2248 3351 εἰ

337 3401 516 3463 παρα
554 3394 689 3458 τοῖς
731 3382 1093 3466 συμμάχοις
1131 3384 1259 3451 ὑπὸ
1297 3413 1431 3452 των
1469 3390 1812 3470 πρέσβεων
1846 3382 2241 3466 ὑβρίζονται.

209 3487 316 3541 310
335 3471 483 3542 αλλ’
522 3478 690 3562 υπερ
726 3475 941 3544 αὐτου
975 3480 1246 3564 κλαήσει
1277 3490 1398 3548 τοῦ
1434 3509 1512 3548 τα
1536 3488 1805 3547 τοιαῦτα
1831 3484 2243 3558 πεπρεσβευ-
