2622 4065
546 324 794 384 ΠΕΡΙ
857 327 1070 385 ΤΗΣ
1121 329 2033 397 ΠΑΡΑΠΡΕΣΒΕΙΑΣ.
2121 337 2249 402 377

347 482 569 562 κότος,
627 485 732 549 καὶ
775 481 854 549 τδι
897 489 1123 551 παιδία
1148 496 1320 586 ιἴσως
1364 491 1638 572 παράξει
1682 519 1791 558 και
1833 493 2239 580 ἄναβιβᾶται.

347 577 531 661 ὑμεῖς
559 577 617 644 δ’
650 584 1086 668 ἐνθυμεῖσθε,
1119 588 1168 648 ὠ
1195 583 1430 669 ἄνδρες
1457 592 1788 672 δικασταὶ,
1832 593 1997 675 πρὸς
2019 620 2139 678 μεν
2164 595 2238 660 τὰ

344 676 585 741 τούτου
623 684 881 763 παιδία,
930 678 1030 745 ότι
1070 690 1335 749 πολλων
1374 688 1738 771 συμμάχων
1776 688 2116 776 ὑμετέρων
2137 696 2246 759 καὶ

345 780 554 855 φίλων
588 781 813 852 παῖδες
849 776 1134 843 αλωνται
1168 784 1276 845 και
1314 786 1553 866 πτωχοὶ
1581 790 2032 871 περιέρχονται
2060 790 2246 856 δεινὰ

341 873 749 949 πεπονθότες
775 873 879 939 δια
905 901 1162 960 τουτον,
1191 876 1306 955 οὓς
1332 883 1534 946 ἐλεεῖν
1557 892 1778 974 πολλῷ
1805 895 2058 970 μᾶλλον
2083 888 2246 972 ὑμῖν

340 966 573 1045 ἄξιον
543 996 581 1053 η
604 996 757 1047 τους
781 978 898 1036 τοῦ
923 982 1190 1039 τοιαῦτα
1213 974 1605 1060 ἠδικηκότος
1627 985 1735 1045 και
1721 985 2090 1103 ἲπεπροδότου
2114 1010 2245 1050 noc-⁴
2272 1046 2280 1048 ,ε

338 1062 525 1186 τρὸς,
570 1068 677 1132 καὶ
702 1066 801 1135 ότι
823 1067 979 1144 τούς
1005 1068 1364 1155 ὑμετέρους
1390 1080 1623 1152 παῖδας
1660 1103 1881 1164 ουτοι,
1923 1078 2071 1147 “καὶ
2108 1098 2243 1160 τοις

325 1158 361 1183 ‘
372 1161 694 1243 έκγόνοις”
738 1167 1280 1247 προσγράψαντες
1321 1176 1409 1247 εἰς
1446 1172 1567 1257 τὴν
1605 1175 1905 1261 εἰρήνην,
1954 1183 2063 1244 και
2105 1206 2242 1245 των

339 1260 617 1324 ἐλπίδων
653 1258 1160 1348 απεστερήκασι,
1210 1267 1376 1348 πρὸς
1414 1269 1483 1334 δὲ
1519 1272 1596 1334 τὰ
1622 1269 1831 1338 αὐτοῦ
1854 1276 2097 1341 τούτου
2119 1278 2243 1342 δα-

338 1380 541 1441 κρυα,
587 1386 686 1424 οτι
722 1368 850 1425 νῦν
875 1368 1045 1444 ἔχετε
1070 1362 1471 1450 ἄνθρωπον,
1521 1366 1591 1444 ὃς
1617 1375 1705 1445 είς
1718 1368 2128 1454 Ἀρκαδίαν’
2097 1378 2242 1439 εκέ-

335 1461 527 1518 λευεν
572 1459 673 1521 ἐπι
720 1458 874 1532 τοὺς
921 1456 1086 1541 ὑπερ
1128 1468 1464 1526 Φιλίππου
1509 1467 1915 1547 πράττοντας
1961 1475 2242 1553 πέμπειν
2303 1471 2306 1473 ”

215 1569 306 1620 311
333 1575 487 1625 τους
513 1554 1100 1636 κατηγορήσοντας.
1162 1565 1292 1622 νῦν
1317 1566 1548 1625 τοίνυν
1570 1588 1740 1644 υμας
1764 1562 1888 1631 οὐκ
1914 1572 2003 1644 είς
2026 1575 2238 1635 Πελο-
2255 1584 2353 1639 441

334 1645 671 1728 πόννησον
710 1653 811 1713 δεῖ
841 1659 1199 1736 πρεσβείαν
1234 1659 1545 1741 πέμπειν
1600 1659 1745 1725 ουδ’
1787 1664 1949 1730 ὁδὸν
1971 1692 2241 1750 μακραν

330 1747 625 1826 βαδίσαι,
655 1743 801 1809 οὐδ’
831 1747 1066 1829 ἐφόδια
1089 1748 1502 1836 ἀναλισκειν,
1530 1752 1673 1822 αλλ
1703 1758 1851 1842 ἄχρι
1874 1771 1998 1828 τοῦ
2019 1764 2240 1848 βήμα-

327 1862 436 1913 τος
462 1842 734 1907 ἐνταυθὶ
757 1846 1265 1925 προσελθόντα
1240 1852 1518 1917 ἕκαστον
1538 1851 1729 1936 ὑμῶν
1751 1855 1873 1940 τὴν
1903 1856 2091 1926 ὁσίαν
2126 1864 2236 1927 και

326 1940 589 2001 δικαίαν
632 1946 863 2022 ψῆφον
909 1941 1075 2026 ὑπερ
1123 1954 1237 2028 τῆς
1283 1957 1596 2032 πατρίδος
1640 1960 1888 2021 θέσθαι
1940 1985 2062 2023 κατ
2114 1987 2236 2024 αν·-

327 2032 513 2116 δρός,
564 2030 666 2116 ὃς,
715 2064 763 2101 ω
801 2048 887 2122 γῆ
924 2044 1031 2106 και
1053 2045 1231 2127 θεοι,
1283 2048 1500 2111 εκεῖνα
1524 2075 1563 2111 α
1593 2054 2000 2134 διεξῆλθον’
1968 2083 2042 2121 εν
2065 2055 2238 2141 αρχῇ

326 2135 899 2252 δεδημηγορηκως,
939 2137 1055 2206 τὸν
1077 2147 1514 2225 ιΜαραθι-ᾶνα,
1554 2145 1676 2229 τὴν
1701 2157 2081 2235 Σαλαμῖνα,
2119 2181 2238 2231 τας

323 2255 561 2311 μαχας,
610 2256 687 2294 τα
711 2233 1023 2319 τρόπαι-,α
1059 2240 1402 2324 εξαίφνης,
1452 2240 1535 2318 ὡς
1559 2246 1755 2329 ἐπέβη
1783 2255 2226 2335 Μακεδονίας,

324 2327 541 2391 πάντα
566 2326 878 2396 τάναντία
903 2335 1191 2419 τούτοις,
1220 2339 1304 2421 μὴ
1334 2341 1686 2422 προγόνων
1712 2355 2112 2433 μεμνῆσθαι,
2138 2347 2226 2433 μὴ

323 2424 605 2503 τρόπαια
628 2430 859 2512 λέγειν,
887 2457 973 2515 μη
999 2440 1278 2515 βοηθεῖν
1303 2440 1554 2520 μηδενὶ,
1584 2437 1669 2522 μὴ
1698 2450 1885 2526 κοινῇ
1911 2445 2068 2526 μετὰ
2093 2471 2232 2511 των

314 2518 643 2606 Ελλήνων
676 2527 1152 2612 βουλεύεσθαι,
1198 2531 1410 2612 μόνον
1449 2560 1529 2598 ου
1567 2547 1880 2603 καθελεῖν
1912 2568 1992 2604 τα
2033 2548 2228 2625 τείχη

195 2634 301 2688 312
320 2623 529 2683 καίτοι
562 2619 817 2686 τούτων
854 2629 1143 2706 αἰσχίους
1179 2627 1366 2709 λόγοι
1403 2626 1671 2706 οὐδένες
1714 2636 1971 2700 πώποτ’
2015 2665 2087 2703 εν
2133 2666 2224 2703 τω

323 2716 514 2779 παντὶ
536 2715 750 2802 χρόνω
777 2720 1086 2801 γεγόνασι
1111 2723 1266 2805 παρ’
1293 2723 1469 2808 υμῖν
1531 2736 1626 2804 τίς
1647 2731 1772 2813 γάρ
1801 2735 1974 2797 ἐστιν
1989 2733 2228 2819 Ελλή-

324 2838 462 2876 νων
487 2839 528 2894 η
555 2814 913 2897 βαρβαρων
938 2817 1111 2883 ου’τω
1140 2820 1362 2898 σκαιὸς
1386 2824 1490 2888 καὶ
1518 2822 1803 2908 ανήκοος
1829 2831 1936 2894 καὶ
1961 2833 2225 2916 σφόδρα

320 2916 534 2992 μισων
571 2937 694 2994 την
729 2914 924 2978 πόλιν
957 2941 1078 3034 την
1118 2914 1471 3001 ἡμετέραν,
1522 2920 1732 3005 ὅστις,
1777 2935 1962 3003 εἴτις
1985 2934 2221 3014 ἔροιτο,

321 3010 460 3072 εἰπέ
477 3034 617 3092 μοι,
654 3017 767 3092 τῆς
790 3020 917 3078 νῦν
942 3013 1143 3098 οὔσης
1160 3014 1465 3133 Ελλαδος
1490 3023 1760 3104 ταυτησὶ
1783 3025 1888 3087 καὶ
1914 3030 2225 3110 οικουμέ-

316 3129 433 3186 νης
489 3104 635 3169 ἔσθ’
699 3106 734 3172 ὅ
779 3134 839 3172 τι
880 3111 1130 3195 ταύτην
1175 3109 1259 3176 ἂν
1302 3114 1425 3197 τὴν
1469 3125 1920 3201 προσηγορίαν
1966 3121 2136 3205 εἶχεν
2177 3151 2219 3207 η

316 3197 547 3266 ωκεῖθ
579 3201 709 3269 υπὸ
736 3232 869 3271 των
893 3216 1024 3273 νῦν
1047 3209 1332 3292 ἐχόντων
1344 3209 1697 3301 Ελληνων,
1727 3223 1785 3281 εί
1814 3217 1900 3301 μὴ
1925 3220 2040 3295 τὰς
2064 3246 2226 3303 αρε..
2288 3249 2290 3251 ’

314 3323 428 3374 τας
468 3295 631 3382 ὑπερ
677 3329 897 3370 αυτων
942 3310 1193 3384 ἐκείνας
1229 3313 1297 3375 οἱ
1324 3317 1712 3394 Μαραθωνι
1746 3318 1856 3382 καὶ
1891 3327 2220 3402 Σαλαμῖνι
2291 3381 2294 3384 ,

312 3398 714 3515 παρέσχοντο
755 3407 821 3467 οι
848 3401 1146 3521 ἡμέτεροι
1185 3408 1538 3491 πρόγονοι;
1586 3411 1734 3477 οὐδ’
1772 3410 1854 3479 ἄν
1878 3423 1966 3491 εἰς
1990 3419 2065 3480 εὐ
2090 3411 2214 3481 οἷδ’

320 3486 420 3557 ότι
444 3516 747 3580 φησειεν,
784 3498 946 3566 ἄλλα
971 3526 1185 3569 παντα
1205 3505 1413 3573 ταῦθ
1440 3505 1569 3574 ὑπὸ
1596 3537 1728 3577 των
1752 3509 2167 3597 βαρβαρων
2136 3539 2227 3579 αν
