2622 4065
357 269 360 272 ’
396 292 522 353 352
836 288 973 347 x1x
1047 280 1878 388 ΛΗΜο-ΣΘΕΝΟΤΣ

399 450 680 537 τᾶληθῆ.
730 449 830 515 ότι
856 454 1097 519 ἐκεῖνος
1123 440 1241 526 μὲν
1267 444 1340 505 ἓν
1358 438 1612 522 ,οἷμαι,
1649 448 1833 521 σῶμα
1860 446 2022 522 ἔχων
2046 443 2153 505 καὶ
2177 453 2307 518 ψυ-

399 551 526 635 χὴν
550 557 707 633 μίαν
730 549 922 612 παντὶ
952 548 1147 628 θυμῷ
1173 541 1281 605 καὶ
1306 547 1491 621 φιλεῖ
1505 535 1658 613 τοὺς
1679 535 1916 607 ἑαυτὸν
1937 542 2010 602 εύ
2031 544 2310 602 ποιοῦν-

402 675 516 725 τας
541 674 647 712 και
674 657 852 729 μισεῖ
866 641 1020 717 τοὺς
1043 637 1394 720 τάναντία,
1444 633 1632 719 ὑμῶν
1659 632 1720 699 δ’
1755 636 2023 711 ἕκαστος
2047 633 2310 717 πρωτον

399 744 522 828 μὲν
561 743 709 809 οὕτε
745 740 866 807 τὸν
902 733 979 805 εὖ
1015 745 1334 803 ποιοῦντα
1370 733 1492 817 τὴν
1528 733 1721 799 πόλιν
1757 731 1961 800 αὑτὸν
2001 736 2074 797 εὐ
2100 745 2310 797 ποιεῖν

279 868 380 922 228
400 842 656 933 {ysaram
687 838 839 906 οὔτε
863 837 982 904 τὸν
1016 862 1234 911 κακως
1271 839 1524 913 κακῶς,
1570 829 1714 897 ἀλλ’
1745 830 1930 912 ἕτερα
1957 831 2131 904 ἐστιν
2157 829 2311 893 ἕκοέ-

395 966 530 1034 στῳ
555 942 1092 1026 πρόυργιαίτερα,
1111 931 1218 1016 ὑφ’
1247 959 1339 997 ων
1360 929 1741 1014 παράγεσθε
1763 927 2093 1009 πολλακις,
2112 931 2309 1009 ἔλεος,

407 1017 707 1159 φθόνος,
726 1033 945 1155 ὀργὴ,
983 1039 1382 1116 χαρίσασθαι
1409 1036 1497 1116 τῷ
1523 1030 1859 1111 δεηθέντι,
1889 1025 2051 1090 ἄλλα
2077 1029 2309 1108 μυρία·

409 1161 495 1203 αν
532 1133 590 1200 δ
634 1132 740 1216 ἄρ’
784 1131 1044 1196 α’παντα
1079 1156 1172 1205 τις
1210 1127 1469 1211 ἐκφύγῃ
1505 1125 1738 1208 τᾶλλα,
1786 1125 1940 1200 τούς
1976 1149 2047 1206 γε
2074 1121 2314 1196 οὐδένα

409 1237 872 1355 βουλομένους
898 1229 1062 1295 εἶναι
1096 1234 1402 1291 τοιοῦτον
1437 1221 1516 1288 οὐ
1544 1221 1977 1305 διαφεύξεται.
2049 1217 2085 1302 ἡ
2114 1218 2175 1284 δ’
2205 1213 2310 1299 ἐφ’

413 1331 693 1399 ἑκάστου
752 1329 1009 1395 τούτων
1068 1323 1349 1408 αμαρτιά
1407 1347 1568 1385 κατα
1614 1319 1851 1403 μικρὸν
1897 1316 2317 1400 ὑπορρέουσα

412 1428 666 1511 ἁθρόος
687 1436 765 1512 τῇ
789 1425 973 1491 πόλει
998 1423 1212 1507 βλάβη
1235 1429 1541 1503 γίγνεται.

291 1555 395 1606 229
574 1518 696 1589 Ὧν
718 1525 954 1608 μηδὲν,
996 1547 1044 1584 ω
1074 1521 1310 1599 ἄνδρες
1330 1517 1699 1599 Ἀθηναῖοι,
1737 1513 1990 1595 πάθητε
2015 1533 2318 1593 τημερον,

296 1650 298 1652 ’
416 1622 567 1739 ημδ’
611 1621 809 1705 οἷνῆτε
844 1627 1083 1684 τοῦτον
1122 1615 1193 1692 69
1227 1613 1400 1699 ὑμᾶς
1436 1619 1791 1696 τηλικαῦτα
1823 1608 2150 1695 ἠδιἍκηκεν
2215 1607 2323 1670 καὶ

415 1746 543 1804 γαρ
584 1718 667 1795 ὥς
704 1717 973 1801 αληθως
1009 1741 1102 1789 τις
1142 1719 1320 1778 ἔσται
1354 1710 1549 1792 λόγος
1573 1712 1717 1788 περὶ
1743 1705 1960 1790 ὑμων,
2010 1711 2067 1769 εἰ
2086 1710 2327 1768 τοῦτον

417 1816 738 1903 αφήσετε;
778 1815 1162 1899 Ἀθηνηθεν
1195 1804 1648 1892 ἐπρέσβευσάν
1688 1829 1855 1878 τινες
1882 1828 1964 1877 ως
1992 1807 2324 1866 Φίλιππον

418 1919 716 1996 τουτονὶ,
757 1911 1199 1993 Φιλοκράτης,
1232 1913 1570 1989 Αἰσχίνης,
1611 1903 1926 1984 Φρύνων,
1967 1897 2326 1982 Δημοσθέ-

420 2041 556 2097 νης.
604 2019 667 2078 τί
687 2015 843 2089 οὐν;
872 2007 904 2074 6
933 2010 1053 2094 μὲν
1081 2007 1244 2091 πρὸς
1269 2011 1357 2093 τῷ
1384 2007 1587 2088 μηδὲν
1611 2005 1679 2066 ἐκ
1704 2008 1815 2084 τῆς
1839 2003 2184 2083 πρεσβείας
2209 2003 2326 2060 λα-

419 2118 563 2195 βεῖν
587 2108 741 2185 τούς
764 2107 1217 2191 αἰχμαλώτους
1244 2106 1310 2170 ἐκ
1338 2129 1470 2167 των
1495 2105 1680 2166 ἰδίων
1704 2097 2008 2163 ἐλύσατο
2056 2091 2087 2159 6
2126 2094 2194 2158 δὲ
2232 2117 2327 2156 ων

419 2236 496 2272 τα
523 2214 637 2290 τῆς
661 2206 912 2281 πόλεως
938 2204 1285 2288 πράγματα
1323 2223 1675 2284 χρηματων
1710 2194 2024 2274 απέδοτο,
2070 2191 2328 2258 τούτων

297 2330 402 2383 230
421 2305 670 2388 πόρνας
696 2300 969 2386 ἠγόραζε
998 2302 1106 2365 καὶ
1137 2306 1331 2381 ἰχθῦς
1357 2296 1647 2377 περιιών
1706 2297 1813 2358 καὶ
1839 2290 1870 2357 6
1897 2295 2014 2375 μὲν
2037 2291 2155 2354 τὸν
2177 2286 2329 2354 υιόν

424 2409 671 2483 ἔπεμψε
698 2406 1037 2481 Φιλίππῳ,
1074 2399 1230 2478 πρὶν
1256 2400 1343 2468 είς
1367 2394 1615 2507 ἄνδρας
1639 2389 1989 2472 ἐγγραψαι,
2036 2385 2068 2451 ὁ
2096 2383 2330 2468 μιαρὸς

426 2498 752 2582 Φρύνων·
801 2494 832 2561 6
878 2492 938 2558 6'
981 2490 1180 2593 οὐδὲν
1218 2489 1491 2567 οἷναξιον
1529 2488 1681 2552 οὔτε
1715 2494 1829 2570 τῆς
1871 2484 2120 2559 πόλεως
2166 2480 2322 2547 οὔθ’

425 2594 637 2662 αὑτοῦ
662 2592 1070 2716 διεπραξατο.
1130 2591 1237 2656 καὶ
1261 2586 1294 2655 6
1324 2590 1443 2671 μὲν
1464 2593 1764 2671 χορηγῶν
1789 2587 1893 2650 καὶ
1919 2584 2329 2666 τριηραρχῶν
2398 2614 2400 2616 >

426 2702 518 2761 ἔτι
540 2722 649 2760 και
671 2691 859 2759 ταῦτ’
886 2692 1046 2779 ᾤετο
1074 2696 1211 2755 δεῖν
1234 2684 1586 2768 ἐθελοντὴς
1610 2682 2019 2763 αναλίσκειν,
2049 2678 2331 2744 λύεσθαι

424 2793 580 2869 τούς
616 2791 1127 2904 assxpocstmvovffi-
1145 2788 1393 2870 μηδένα
1430 2786 1501 2849 ἐν
1536 2801 1846 2864 συμφορα
1889 2804 2020 2842 των
2044 2780 2329 2840 πολιτων
2348 2787 2450 2838 413

366 2890 515 2957 δι
559 2895 816 2956 ἔνδειαν
853 2891 1223 2972 περιορᾶν·
1220 2880 1281 2948 6
1321 2883 1391 2946 65
1433 2879 1755 2945 τοσούτου
1798 2880 1896 2939 δεῖ
1936 2880 2069 2937 τῶν
2119 2869 2331 2954 ὑπαρ-

425 2990 685 3073 χόντων
718 2984 865 3051 τινὰ
904 2980 1315 3068 αἰχμάλωτον
1355 2986 1559 3043 σωσαι
1587 2974 1760 3039 οἷσθ’
1811 2971 1971 3037 ὅλον
1993 2969 2196 3035 τόπον
2220 2971 2328 3034 καὶ

428 3096 617 3153 πλεῖν
650 3081 695 3171 ἦ
729 3090 1009 3204 μυρίους
1043 3083 1164 3166 μὲν
1200 3077 1499 3158 ὁπλίτας,
1546 3072 1717 3157 ὁμοῦ
1744 3072 1813 3136 δὲ
1834 3075 2077 3154 χιλίους
2100 3069 2332 3142 ἱππέας

428 3212 562 3251 των
588 3181 1029 3269 ὑπαρχόντων
1055 3177 1420 3263 συμμάχων
1445 3172 1622 3249 ὅπως
1647 3170 2042 3255 αἰχμαλωτοι
2078 3170 2331 3248 γένων-

299 3318 398 3372 231
424 3310 531 3350 ται
557 3288 898 3367 Φιλίππῳ,
947 3274 1594 3363 συμπαρεσκεύασεν.
1664 3278 1729 3336 τί
1758 3272 1881 3335 οὐν
1904 3266 2063 3352 μετὰ
2088 3271 2325 3329 ταῦτα·
2309 3300 2351 3337 ,«

419 3382 762 3464 Ἀθηναῖοι
806 3330 1152 3462 λαβόντες
1210 3373 1459 3460 ᾔδεσαν
1503 3374 1622 3454 μὲν
1665 3367 1793 3454 γὰρ
1837 3366 2068 3431 παλαι·
2129 3367 2194 3425 τί
2232 3361 2329 3434 δέ;
2386 3384 2388 3386 ’

421 3478 576 3556 τούς
613 3480 734 3564 μὲν
766 3473 1047 3562 χρήματ’
1086 3472 1429 3557 εἰληφότας
1454 3472 1560 3535 καὶ
1587 3472 1799 3548 δωρα
1851 3465 1954 3528 καὶ
1981 3455 2331 3540 καταισχύ-
2366 3480 2367 3484 ’
