2622 4065
1704 174 1717 197 Ι

418 302 543 362 192
827 307 1022 362 XVIII.
1090 305 1932 369 ΑΗΜΟΣΘΕΝΟΤΣ

404 459 575 526 “voev
596 461 854 541 καινῶν,’
859 458 1092 539 ’ἴσως”
1061 492 1153 529 οτε
1174 465 1380 547 πλήθη
1404 470 1695 550 συντρέχει
1721 472 2125 571 ἐπιθυμοῦντα
2147 497 2327 536 καινα

415 545 688 628 δράματα
710 549 961 629 βλέπειν.
1034 552 1409 631 εἰσαγομένου
1431 555 1631 612 τοίνυν
1655 555 1755 613 καὶ
1781 557 1858 626 εἰς
1880 548 1987 615 τὸν
2011 558 2198 633 δῆμον
2220 562 2326 618 τοῦ

413 633 949 713 προβουλεύματος,
989 634 1288 710 ἐφίσταται
1311 641 1413 693 τοῦ
1432 639 1847 713 Κτησιφῶντος
1872 634 2191 734 κατήγορος
2212 642 2321 699 Αἰ-

417 719 614 794 σχίνης
651 717 714 776 ἐκ
751 721 850 816 τῆς
884 719 1175 789 πολιτείας
1209 739 1494 816 υπαρχων
1519 715 1761 800 ἐχθρὸς,
1805 743 2152 824 παρανομον
2174 719 2325 782 εἶναι

417 817 666 898 φασκων
689 792 852 899 πρὸς
858 807 1009 879 τρεῖς
1034 796 1249 898 νόμους
1274 806 1335 861 τὸ
1360 803 1669 879 ψήφισμα,
1720 803 1823 863 ἕνα
1857 804 1961 904 μὲν
1995 800 2095 865 τὸν
2129 801 2322 865 κελεύ-

417 905 557 942 οντα
578 875 680 941 τὸν
702 876 1051 943 υπεύ-θυνον
1073 877 1154 962 μὴ
1181 890 1649 985 στεφανοῦσθαι,
1696 888 1839 966 πρὶν
1865 912 1939 946 αν
1965 891 2051 969 δῳ
2082 912 2185 959 τας
2224 881 2319 948 εύ-

413 961 638 1036 θύνας·
680 962 844 1025 ούπω
870 965 932 1025 δὲ
953 963 1195 1044 ταύτας,
1225 968 1435 1045 φησὶν,
1462 962 1491 1027 ὃ
1519 972 1924 1069 Δημοσθένης
1932 951 2198 1030 ἕδέδώκει
2222 971 2321 1030 καὶ

413 1072 485 1108 τα
506 1056 583 1108 θε
558 1072 775 1147 ωρικα
799 1052 1042 1109 διοικῶν
1066 1051 1165 1110 καὶ
1188 1056 1553 1148 τειχοποιῶν,
1603 1052 1702 1111 καὶ
1740 1053 1853 1112 ἔδει
1891 1046 2200 1130 αναμεῖναι
2220 1054 2321 1114 καὶ

417 1132 694 1231 ἐπισχεῖν
692 1124 755 1192 τὸ
779 1132 981 1211 γέρας,
1010 1133 1112 1205 ε’ως
1138 1159 1213 1192 αν
1235 1126 1406 1232 ὀφθῇ
1430 1128 1695 1211 καθαρὸς
1720 1136 2056 1208 ἐξετασθείς.
2130 1134 2318 1195 δεύτε-

417 1237 523 1295 ρον
560 1214 621 1273 δὲ
659 1208 1050 1295 αναγινώσκει
1087 1212 1271 1292 νόμον
1307 1210 1408 1275 τὸν
1442 1214 1751 1277 κελεύοντα
1787 1220 1851 1279 ἐν
1886 1222 2067 1281 πυκνὶ
2108 1238 2319 1295 στεφα-

413 1302 699 1374 νοῦσθαι,
740 1297 803 1356 ἐν
836 1304 907 1379 τῇ
933 1298 1238 1380 ἐκκλησία,
1287 1295 1620 1377 διαβαλλων
1654 1324 1789 1371 τους
1811 1305 2047 1372 πολίτας
2067 1324 2201 1372 τους
2228 1304 2316 1361 δε·
2337 1305 2436 1358 224

414 1382 694 1478 ξαμένους
731 1381 791 1438 ἐν
826 1404 906 1462 τῳ
926 1378 1186 1484 θεατρῳ
1233 1375 1713 1482 αναγορευθῆναι
1760 1389 1863 1442 τοῦ
1894 1385 2318 1485 Λημοσθένους

419 1455 515 1523 τὸν
551 1463 859 1538 στέφανον.
922 1458 953 1523 ὃ
988 1463 1051 1523 δὲ
1084 1467 1270 1543 τρίτος
1305 1465 1480 1542 νόμος
1517 1467 1594 1536 εἰς
1631 1489 1739 1564 την
1762 1461 1948 1542 όλην
1926 1473 2036 1547 ορᾷ
2057 1473 2161 1526 τοῦ
2184 1469 2317 1545 βίου

412 1546 512 1605 καὶ
556 1551 659 1624 τῆς
704 1548 991 1617 πολιτείας
1038 1546 1317 1619 ἐξέτασιν·
1383 1543 1600 1607 κελεύει
1642 1573 1756 1628 γαρ
1799 1550 2080 1626 μηδέποτε
2121 1551 2317 1648 ψευδῆ

408 1651 725 1729 γραμματα
749 1631 826 1700 εἰς
848 1623 912 1689 τὸ
936 1635 1244 1732 Μητρῳον
1267 1627 1547 1711 εἰσάγειν,
1592 1632 1743 1690 ε’νθα
1780 1632 1932 1691 ἐστιν
1967 1626 2072 1692 όλα
2100 1655 2172 1690 τα
2212 1634 2314 1731 δη·-

408 1708 586 1789 μόσια
606 1734 935 1814 γραμματα.
1005 1711 1290 1788 ἐψεύσατο
1315 1714 1394 1791 δὲ,
1422 1713 1631 1792 φησὶν,
1669 1710 1903 1774 εύνοιαν
1926 1714 2026 1774 καὶ
2050 1708 2313 1793 σπουδὴν

408 1793 783 1897 μαρτυρήσας
806 1800 889 1876 τῷ
915 1797 1315 1873 Δημοσθένει·
1365 1793 1654 1868 κακόνους
1676 1822 1790 1878 γαρ
1813 1804 2035 1875 μαλλον
2069 1797 2170 1857 καὶ
2204 1818 2308 1856 πο-

408 1878 600 1955 λέμιος
634 1857 957 1958 ευρίσκέται
992 1883 1063 1958 τῇ
1096 1882 1347 1976 πατρίδι.
1407 1876 1614 1939 τούτου
1658 1887 1761 1940 τοῦ
1805 1876 1989 1958 νόμου
2030 1882 2311 1980 χρησίμου

406 1983 826 2063 τυγχανοντος,
871 1967 975 2020 τοῦ
997 1964 1220 2063 τρίτου,
1258 1954 1708 2063 αντιλαβόμενος
1734 1959 1921 2065 ὥσπερ
1945 1963 2102 2036 τινὸς
2127 1956 2308 2063 αγκύ-

408 2069 512 2124 ρας
537 2038 568 2105 ὃ
605 2042 798 2145 ῥητωρ
833 2044 1218 2106 κατεπαλαισε
1251 2039 1353 2106 τὸν
1376 2041 1706 2122 ἀντίδικον,
1744 2044 1983 2145 μεθόδῳ
2009 2042 2309 2129 δεινοτατῃ

404 2127 508 2187 καὶ
531 2146 841 2208 σοφωτατῃ
862 2135 955 2227 τῇ
972 2129 1105 2207 περὶ
1147 2134 1252 2189 τοῦ
1290 2126 1618 2208 κατηγόρου
1660 2148 2042 2227 χρησαμενος·
2083 2131 2310 2190 ἐκεῦθεν

403 2234 517 2312 γαρ
565 2212 688 2288 ἔσχε
732 2203 923 2309 λαβὴν
972 2213 1118 2272 ἑλεῖν
1163 2212 1264 2270 καὶ
1303 2213 1820 2308 καταγωνίσασθαι
1859 2207 1962 2272 τὸν
2015 2214 2306 2290 πολέμιον.

403 2318 538 2364 τους
561 2293 667 2371 μὲν
689 2318 809 2392 γαρ
828 2290 1039 2366 αλλους
1066 2291 1171 2354 δύο
1195 2290 1411 2370 νόμους
1426 2338 1442 2368 ,
1489 2289 1590 2353 τόν
1611 2317 1669 2352 τε
1687 2300 1804 2353 τῶν
1826 2288 2185 2355 υπευθύνων
2209 2295 2310 2355 καὶ

405 2370 506 2437 τὸν
526 2382 631 2435 τοῦ
655 2371 1055 2474 κηρύγματος,
1094 2379 1171 2447 εἰς
1192 2371 1257 2436 τὸ
1280 2378 1456 2453 μέσον
1477 2383 1580 2436 τοῦ
1603 2371 1779 2454 λόγου
1802 2369 2109 2476 απέρριψε,
2137 2396 2307 2477 στρα-

401 2464 655 2561 τῆγικῶς
689 2481 911 2530 κακους
947 2462 1025 2530 εἰς
1060 2460 1237 2557 μέσον
1272 2455 1508 2535 ἐλασας,
1554 2464 1636 2559 τῳ
1675 2458 1736 2518 δὲ
1761 2457 2113 2565 ἰσχυροτατῳ
2137 2463 2215 2531 εἰς
2237 2484 2309 2520 τα

402 2567 560 2644 ακρα
580 2541 1034 2622 προσκέχρηται,
1080 2535 1143 2602 τὸ
1170 2537 1401 2640 σαθρὸν
1421 2547 1539 2603 τῶν
1564 2538 1756 2602 αλλων
1781 2543 1836 2617 ἐξ
1862 2544 2132 2640 ἑκατέρου
2157 2567 2304 2622 ρων-

400 2622 525 2697 νύς.
592 2625 742 2685 ἔοικε
767 2625 830 2684 δὲ
853 2625 954 2684 καὶ
979 2628 1225 2685 διοικεῖν
1243 2619 1388 2705 πρὸς
1410 2620 1473 2685 τὸ
1499 2623 1799 2703 συμφέρον
1821 2619 1922 2685 τὸν
1956 2623 2158 2706 λόγον,
2207 2625 2307 2685 καὶ

399 2702 468 2769 οὗ
495 2703 728 2805 σφόδρα
752 2699 1010 2780 αναιδῶς
1032 2701 1141 2786 τὴν
1174 2709 1380 2805 τέχνην
1416 2708 1898 2784 ἐπιδεικνύμενος.
1968 2711 2159 2769 δοκῶν
2191 2702 2304 2812 γὰρ

399 2792 463 2852 ἐν
483 2785 735 2870 πρώτοις
756 2784 1133 2888 υπερβαίνειν
1156 2784 1218 2850 τὸ
1209 2786 1520 2890 νόμιμον,
1558 2790 1730 2875 ἑτέρῳ
1752 2786 1968 2891 τρόπω
1972 2814 2052 2871 τῳ
2077 2792 2302 2897 νομίμῳ

396 2872 849 2972 προσκέχρηται·
897 2872 997 2932 καὶ
1019 2897 1134 2971 γαρ
1162 2867 1340 2972 νόμον
1363 2866 1589 2972 ανέγνω
1612 2852 1891 2972 Αἰσχίνης
1913 2867 2015 2933 τὸν
2036 2873 2168 2974 περὶ
2187 2878 2304 2933 τῶν

397 2975 706 3057 στεφανων
728 2958 951 3055 ψευδῆ,
997 2951 1147 3052 πρὸς
1179 2979 1247 3016 ον
1269 2950 1299 3017 ὁ
1326 2950 1515 3036 ῥήτωρ
1541 2946 1999 3055 ἀποκρινόμενος
2021 2979 2150 3037 ευρε
2172 2979 2301 3015 και-

399 3034 503 3139 ρὸν
527 3041 605 3111 εἰς
626 3038 805 3117 μέσον
823 3032 1065 3117 αγαγεῐν
1086 3062 1158 3096 τα
1183 3039 1388 3101 ἑαυτοῦ
1413 3035 1839 3138 πολιτεύματα,
1846 3032 1920 3110 ὡς
1943 3042 2168 3142 νομίμῳ
2192 3063 2300 3116 μα·-

394 3118 652 3202 χόμενος
729 3146 830 3182 και
851 3119 890 3202 ἡ
912 3121 1018 3198 μὲν
1043 3122 1324 3220 διοίκησις
1347 3127 1451 3182 τοῦ
1475 3119 1650 3200 λόγου
1671 3117 1940 3201 τοιαύτη,
1978 3120 2302 3224 κεφαλαιον

396 3206 461 3267 δὲ
483 3198 722 3284 ἰσχυρὸν
742 3229 822 3305 τῳ
847 3205 953 3284 μὲν
967 3207 1227 3304 Αἰσχίνῃ
1249 3200 1313 3267 τὸ
1347 3200 1624 3308 νόμιμον,
1675 3211 1755 3284 τῷ
1780 3205 1843 3267 δὲ
1878 3202 2078 3307 ῥήτορι
2111 3198 2173 3266 τὸ
2212 3207 2299 3264 δί-

390 3312 596 3363 καιον,
623 3283 828 3350 κοινὸν
851 3290 914 3350 δὲ
947 3281 1065 3348 απὸ
1088 3296 1192 3350 τοῦ
1216 3292 1346 3349 ἴσου
1369 3284 1433 3349 τὸ
1457 3288 1785 3371 συμφέρον,
1828 3285 1939 3350 οὐκ
1952 3289 2096 3387 ε’χον
2120 3309 2298 3365 φανε-

391 3368 507 3451 ρᾶν
527 3397 637 3449 την
660 3371 931 3446 ἐξέτασιν.
998 3395 1037 3448 η
1063 3388 1259 3444 στασις
1282 3374 1571 3452 ἔγγραφος
1593 3367 1999 3451 πραγματική·
2042 3371 2174 3447 περὶ
2197 3371 2299 3452 ρη-

389 3480 473 3514 το
464 3451 628 3533 ἔγαρ
651 3452 714 3516 τὸ
741 3472 1044 3534 ψηφισιια
2319 3464 2420 3515 225
2455 3470 2458 3478 ¹
