2622 4065
315 257 350 351 J
411 287 536 348 220
806 271 1001 353 xvm
1067 252 1915 373 ΔΗΜΟΣΘΕΝΟΤΣ

407 448 711 516 ἐκτᾶσθε.
771 455 880 518 καὶ
903 452 1035 538 μὴν
1073 455 1174 521 ὅτι
1212 459 1333 540 μὲν
1370 463 1656 542 πολλους
1691 472 2163 555 ἐστεφανώκατ’
2189 480 2314 566 η”δη

406 572 542 611 των
586 554 1181 635 πολιτευομένων
1153 554 1438 635 α’παντες
1476 571 1682 630 ἴσασι·
1732 567 1811 633 δι
1848 569 2078 640 ὅντινα
2104 577 2165 642 δ’
2193 578 2276 645 α’λ

405 643 583 710 λον
549 673 589 730 η
615 647 801 723 πόλις
825 652 1289 736 ἐστεφάνωται,
1319 657 1706 740 σύμβουλον
1727 672 1893 749 λέγω
1915 674 2021 736 καὶ
2044 674 2310 761 ῥήτορα,

405 743 581 827 πλὴν
606 744 681 810 δι’
713 747 842 830 ἐμὲ,
870 746 1019 814 οὐδ’
1046 746 1131 816 α“ν
1155 749 1243 829 εἷς
1269 760 1475 821 εἰπεῖν
1499 762 1646 841 ἔχοι.

315 868 381 920 95
556 841 697 909 Ίνα
721 853 953 912 τοίνυν
977 851 1096 915 καὶ-
1105 876 1221 927 τας
1243 859 1729 940 βλασφημίας
1704 888 1780 937 ας
1829 864 1994 931 κατὰ
2016 877 2150 933 τῶν
2170 869 2306 936 Εὐ-

399 898 615 1026 βοέων
652 949 762 1011 και
796 974 931 1013 των
966 955 1347 1027 Βυζαντίων
1381 957 1763 1041 ἐποιήσατο,
1813 972 1879 1027 εἴ
1908 989 1969 1027 τι
2005 968 2309 1050 δυσχερὲς

400 1038 623 1119 αὐτοῖς
647 1045 1015 1127 ἐπέπρακτο
1041 1047 1206 1133 πρὸς
1220 1049 1393 1135 ὑμᾶς
1407 1052 1946 1144 ὑπομιμνήσκων,
1966 1083 2298 1148 συκοφαν·

398 1145 538 1216 τιας
560 1140 766 1261 ου’σας
789 1147 1080 1223 ἐπιδείξω
1116 1146 1203 1232 μὴ
1242 1151 1456 1233 μόνον
1489 1161 1583 1240 τῷ
1605 1161 1866 1234 ψευδεῖς
1891 1157 2057 1224 εἶναι
2082 1167 2304 1243 (τοῦτο

398 1264 521 1320 μεν
541 1237 670 1321 γὰρ
693 1238 1016 1326 υποῖρχειν
1039 1242 1209 1328 ὑμᾶς
1234 1249 1487 1326 εἰδότας
1508 1250 1846 1340 ἡγοῦμαι),
1869 1255 2032 1323 ἄλλα
2060 1261 2169 1325 καὶ
2191 1287 2302 1349 τω,

399 1340 459 1400 εί
490 1336 571 1400 τὰ
608 1336 854 1420 μάλιστ’
879 1345 1052 1424 ’ἦσαν
1088 1341 1389 1431 ἀληθεῖς,
1442 1348 1650 1428 οὕτως
1687 1380 1772 1430 ως
1816 1357 1942 1438 ἐγω
1987 1360 2302 1441 κέχρημαι

396 1443 532 1509 τοῖς
555 1435 894 1519 πράγμασι
917 1445 1283 1525 συμφέρειν
1301 1446 1708 1534 χρήσασθαι,
1744 1480 1817 1517 εν
1839 1450 1882 1537 ἢ
1907 1455 2027 1521 δύο
2052 1457 2299 1540 βούλο-

396 1558 513 1613 μαι
535 1559 668 1599 των
691 1534 843 1601 καθ’
869 1534 1038 1620 ὑμᾶς
1063 1547 1541 1625 πεπραγμένων
1564 1554 1785 1645 καλῶν
1818 1556 1897 1634 τῇ
1920 1552 2107 1617 πόλει
2132 1557 2299 1630 διεξ-
2319 1580 2423 1632 258
2485 1526 2492 1549 ηδ
2512 1574 2529 1653 μ’

396 1637 652 1715 ελθεῖν,
694 1635 819 1699 καὶ
837 1634 1014 1700 ταῦτ
1041 1640 1116 1702 ἐν
1138 1643 1438 1723 βραχεἫσι
1484 1645 1591 1709 καὶ
1625 1640 1752 1729 γαρ
1791 1644 2002 1728 α’νδρα
2040 1654 2171 1715 ι’δία
2194 1655 2301 1717 και

394 1725 591 1792 πόλιν
632 1737 829 1815 κοινῇ
873 1733 1037 1814 πρὸς
1083 1761 1162 1800 τα
1212 1737 1525 1803 καλλιστα
1561 1768 1694 1805 των
1728 1741 2167 1827 ὑπαρχόντων
2203 1775 2301 1814 αει

272 1828 361 1889 '96
398 1829 500 1889 δεῖ
518 1835 879 1909 πειρᾶσθαι
897 1856 977 1894 τα
1011 1831 1206 1898 λοιπα
1231 1836 1555 1919 πράττειν.
1608 1838 1791 1923 ὑμεῖς
1811 1851 2059 1928 τοίνυν,
2100 1872 2148 1910 ω
2178 1847 2300 1911 α’ν-

397 1926 546 2003 δρες
560 1920 933 2009 Ἀθηναῖοι,
959 1936 1502 2016 Λακεδαιμονίων
1525 1944 1643 2020 γῆς
1672 1941 1781 2003 καὶ
1811 1942 2141 2025 θαλαττης
2175 1969 2297 2025 αρ-

392 2020 650 2102 χόντων
683 2026 793 2090 καὶ
826 2051 905 2091 τα
942 2026 1165 2093 κύκλω
1193 2038 1306 2115 τῆς
1337 2031 1620 2118 Ἀττικῆς
1655 2040 2065 2126 κατεχόντων
2088 2068 2296 2125 αρμο-

356 2132 571 2194 σταῖς
593 2122 701 2185 καὶ
724 2140 1067 2208 φρουραῖς,
1092 2127 1410 2213 Εὔβοιαν,
1446 2132 1818 2219 Ταναγραν,
1844 2139 1950 2201 καὶ
1971 2145 2295 2204 Βοιωτίαν

388 2214 671 2298 ἅπασαν,
686 2222 990 2306 Μέγαρα,
1007 2232 1311 2308 Αἴγιναν,
1328 2234 1529 2292 Κλεω
1523 2255 1660 2312 νας,
1679 2259 1792 2308 τας
1815 2231 2011 2309 αλλας
2025 2235 2290 2321 νήσους,

356 2314 536 2381 οὔτε
550 2344 717 2396 ναυς
731 2320 884 2387 οὔτε
899 2331 1075 2407 τείχη
1091 2334 1204 2408 τῆς
1219 2330 1473 2405 πόλεως
1499 2326 1646 2392 τότε
1662 2333 2087 2414 κτησαμένης,
2107 2334 2291 2417 ἐξήλ-

385 2424 543 2478 θετε
565 2419 654 2489 εἰς
671 2412 1012 2498 Ἁλίαρτον
1035 2422 1142 2484 και
1175 2422 1377 2487 παλιν
1411 2422 1492 2489 οὐ
1516 2426 1841 2503 πολλαῖς
1805 2432 2075 2512 ημέραις
2099 2428 2292 2496 ὕστε-
2378 2450 2380 2452 ’

386 2536 508 2592 ρον
531 2517 621 2586 είς
643 2512 1012 2598 Κόρινθον,
1053 2525 1190 2582 τῶν
1217 2520 1367 2585 τότε
1395 2520 1764 2606 Ἀθηναίων
1786 2525 1968 2591 πόλλ’
1994 2523 2079 2592 α“ν
2103 2528 2292 2611 ε’χόν-
2335 2605 2347 2610 ..

382 2636 516 2674 των
555 2620 1039 2697 μνησικακῆσαι
1072 2620 1179 2681 καὶ
1219 2625 1611 2700 Κορινθιοις
1650 2624 1759 2687 καὶ
1808 2629 2116 2707 Θηβαίοις
2157 2652 2290 2690 των

385 2713 533 2793 περι
554 2707 675 2776 τὸν
706 2714 1110 2781 Δεκελεικὸν
1141 2716 1433 2800 πόλεμον
1468 2725 1930 2838 πραχθέντων
1990 2719 2125 2786 αλλ’
2167 2723 2287 2813 οὐκ

294 2833 361 2888 97
383 2812 653 2872 ἐποίουν
674 2816 893 2895 τοῦτο,
921 2808 1071 2875 οὐδ’
1098 2813 1304 2896 ἐγγύς.
1365 2822 1576 2880 καίτοι
1595 2817 1743 2883 τότε
1766 2827 1972 2883 ταῦτα
1996 2819 2292 2904 αμφότε-

382 2931 487 2988 ρα,
511 2912 824 3027 Αισχίνη,
872 2906 1021 2974 οὔθ’
1047 2908 1213 2992 υπὲρ
1241 2910 1607 3002 εὐεργετων
1638 2919 1910 2981 ἐποίουν
1942 2914 2072 2982 οὔτ’
2100 2944 2286 2983 ακιν-

381 3008 553 3069 δυνα
585 3005 835 3129 εωρων.
898 3004 1032 3073 αλλ’
1057 3006 1139 3074 οὐ
1177 3009 1283 3074 δια
1314 3018 1523 3075 ταῦτα
1558 3018 1860 3094 προῖεντο
1894 3040 2050 3090 τους
2082 3042 2284 3081 κατα-

377 3101 751 3185 φεύγοντας
787 3102 882 3187 ἐφ’
912 3131 1217 3189 εαυτους,
1259 3105 1395 3173 αλλ’
1424 3110 1590 3193 υπερ
1628 3109 1921 3189 ευδοξίας
1956 3115 2061 3178 καὶ
2096 3122 2284 3199 τιμῆς

374 3198 633 3283 ἤθελον
652 3216 790 3279 τοῖς
815 3208 1053 3281 δεινοῖς
1076 3204 1321 3283 αὐτους
1349 3208 1638 3291 διδόναι,
1679 3206 1900 3292 όρθως
1933 3216 2043 3276 καὶ
2065 3220 2281 3287 καλως

297 3297 872 3383 βουλευόμενοι.
940 3305 1141 3386 πέρας
1163 3331 1282 3388 μεν
1316 3333 1445 3389 γαρ
1472 3305 1717 3373 ἅπασιν
1740 3305 2126 3391 ἀνθρώποις
2149 3312 2280 3374 ἐστὶ

370 3402 490 3463 τοῦ
514 3403 668 3482 βίου
692 3399 1010 3484 θάνατος,
1049 3398 1180 3467 κόὲν
1202 3406 1273 3468 ἐν
1299 3410 1561 3494 οἰκίσκῳ
1583 3434 1680 3484 τις
1702 3404 1908 3496 αὑτὸν
1929 3413 2279 3490 καθείρξας

367 3502 533 3581 τηρῇ
549 3522 562 3534 ·
613 3501 720 3563 δεῖ
735 3497 807 3565 δὲ
829 3500 986 3576 τοὺς
1009 3497 1310 3584 ἀγαθοὺς
1342 3504 1589 3588 ἄνδρας
1626 3510 1935 3589 ἐγχειρεῖν
1960 3506 2080 3590 μὲν
2105 3505 2277 3572 ἅπα-
