2622 4065
423 310 547 371 292
857 313 998 368 XIX.
1064 307 1903 370 ΔΗΜΟΣΘΕΝΟΤΣ

370 487 400 540 7
422 469 482 538 τ’
513 476 694 537 ἔσται
721 477 945 537 σωσαι.
1008 465 1173 532 ἀλλὰ
1196 465 1330 551 μὴν
1353 465 1523 550 ὑπέρ
1547 495 1622 552 γε
1645 477 1768 533 τοῦ
1790 484 2027 553 προῖκα
2045 461 2087 559 ἦ
2116 476 2199 557 μὴ
2218 521 2236 556 ,
2261 472 2337 541 τὸ

423 598 547 655 μεν
582 573 654 635 ἐκ
690 567 946 634 τούτων
980 565 1379 649 λαμβάνειν,
1427 569 1492 643 ἐξ
1533 593 1629 631 ων
1664 564 1704 650 ἡ
1740 567 1927 644 πόλις
1962 569 2336 654 βλάπτεται,

423 668 667 745 πάντες
692 665 816 733 οἶδ’
844 664 947 732 ὅτι
970 661 1240 748 φήσαιτ’
1268 691 1356 729 αν
1380 662 1546 728 εἶναι
1571 663 1796 731 δεινὰν
1819 668 1926 731 καὶ
1951 665 2251 751 πολλῆς’
2221 694 2343 750 ορ·

420 777 542 853 γῆς
566 769 751 847 ἄξιον
768 793 780 806 ·
815 764 849 833 ὁ
876 766 1101 851 μέντοι
1125 763 1245 831 τὸν
1268 762 1478 848 νόμον
1501 768 1708 840 τνθεὶς
1732 763 1814 830 οὐ
1838 765 2103 848 διώρισε
2119 773 2338 850 τοῦτο,

423 864 571 931 ἀλλ’
612 863 839 941 ἁπλῶς
876 862 1014 929 εἶπε
1053 867 1367 948 μηδαμῶς
1404 867 1584 944 δῶρα
1606 863 2005 947 λαμβάνειν,
2051 860 2341 948 ἡγούμε-

419 990 570 1048 νος,
598 959 688 1041 ὥς
713 964 857 1047 ἐμοὶ
890 967 1103 1044 δοκεῖ,
1137 959 1258 1028 τὸν
1280 960 1452 1040 απαξ
1478 961 1768 1046 λαβόντα
1794 963 1902 1027 καὶ
1929 965 2342 1045 διαφθαρέν-

419 1091 500 1129 τα
537 1059 670 1128 ὑπό
709 1059 1064 1147 χρημάτων
1099 1058 1258 1126 οὐδὲ
1295 1058 1530 1144 κριτὴν
1569 1064 1664 1124 ἔτι
1696 1086 1833 1124 των
1857 1058 2346 1143 συμφερόντων

369 1161 691 1246 δάσφαλῆ
728 1173 952 1244 μενεῖν
989 1167 1071 1245 τῇ
1102 1155 1309 1224 πόλει.
1380 1153 1467 1223 ‹Jc'v
1501 1184 1622 1241 μεν
1655 1165 1885 1222 τοίνυν
1910 1158 2214 1239 ἐξελέγξω
2235 1156 2346 1221 καὶ

423 1265 611 1338 δείξω
636 1280 867 1343 σαφως
883 1264 1203 1342 Αἰσχίνην
1227 1259 1493 1327 τουτονι
1515 1257 1624 1321 καὶ
1648 1255 1852 1338 μηδεν
1871 1252 2172 1337 αληθὲς’
2134 1277 2347 1337 απηγ-

420 1358 703 1442 γελκότα
736 1359 846 1423 καὶ
882 1355 1307 1422 κεκωλυκότα
1346 1358 1511 1438 ἐμοῦ
1541 1351 1659 1419 τὸν
1685 1358 1895 1438 δῆμον
1921 1353 2204 1417 οἰκοῦσαι
2228 1350 2347 1416 τά-

423 1466 638 1543 ληθῆ,
696 1459 806 1522 καὶ
849 1455 1069 1521 πάντα
1113 1454 1428 1519 ταναντία
1481 1478 1615 1516 των
1661 1448 2146 1535 συμφερόντων
2188 1447 2352 1532 ὑμῖν

426 1552 1093 1671 συμβεβουλευκότα,
1137 1555 1247 1616 και
1292 1553 1499 1634 μηδὲν
1545 1575 1642 1613 ων
1688 1550 2126 1631 προσετάξατε
2163 1550 2233 1613 ἐν
2269 1546 2351 1633 τῇ

426 1659 744 1740 πρεσβεία
770 1650 1207 1735 πεποιηκότα,
1243 1650 1355 1714 καὶ
1381 1646 1771 1765 ἀνηλωκότα
1795 1644 1950 1722 τούς
1971 1645 2254 1729 χρόνους
2278 1648 2351 1740 ἐν
2388 1702 2391 1703 ⁷

429 1750 526 1831 οἷς
551 1759 823 1819 πολλων
846 1755 956 1817 καὶ
979 1750 1288 1835 μεγάλων
1323 1745 1728 1829 πραγμάτων
1762 1744 1979 1826 καιροὶ
2013 1756 2350 1825 προεῖνται

429 1862 510 1939 τῇ
535 1852 756 1933 πόλει,
802 1852 912 1915 καὶ
950 1848 1220 1914 πάντων
1243 1846 1502 1912 τούτων
1528 1848 1708 1927 δωρα
1730 1843 1839 1907 καὶ
1862 1838 2148 1926 μισθοὺς
2172 1844 2351 1922 εἰλη-

435 1950 611 2036 φότα
655 1972 828 2034 μετα
855 1946 1345 2029 Φιλοκράτους,
1389 1947 1944 2025 καταψηφίσασθε
1989 1937 2200 2003 αὐτοῦ
2241 1936 2352 2001 καὶ

437 2056 630 2133 δίκην
665 2043 855 2124 ἀξίαν
889 2070 1024 2111 των
1061 2042 1485 2127 αδικημάτων
1523 2039 1785 2124 λάβετε
1833 2032 1917 2103 ἀν
1955 2040 2026 2101 δὲ
2049 2035 2135 2120 μὴ
2163 2040 2352 2112 δείξω

435 2155 646 2214 ταῦτα
685 2172 724 2228 η
768 2142 854 2230 μὴ
894 2142 1145 2227 πάντα,
1191 2141 1300 2225 ἐμὲ
1324 2143 1446 2224 μὲν
1472 2145 1734 2222 φαῦλον
1757 2133 2062 2219 ἡγεῖσθε,
2109 2136 2354 2199 τοῦτον

438 2246 510 2312 δε
534 2244 752 2330 άφετε.

386 2370 419 2422 9
606 2340 834 2410 Πολλὰ
863 2340 933 2405 δε
955 2343 1063 2404 καὶ
1087 2335 1271 2403 δεινα
1297 2346 1687 2418 κατηγορεῖν
1711 2337 1877 2414 ἔχων
1894 2337 1986 2395 ἔτι
2010 2327 2175 2413 πρὸς
2196 2327 2356 2392 τού-

435 2469 574 2520 τοις
596 2444 807 2525 ε’τερα,
834 2466 884 2505 ω
912 2437 1150 2556 ἄνδρες
1163 2433 1529 2517 Ἀθηναῖοι,
1555 2434 1618 2508 ἐξ
1646 2455 1742 2493 ων
1766 2453 1888 2492 ουκ
1910 2423 2045 2493 ἔσθ’
2072 2424 2248 2501 ὅστις
2269 2452 2355 2490 αν
2465 2446 2468 2450 ·

438 2567 564 2608 ουκ
602 2538 871 2614 εἰκότως
906 2534 1243 2620 μισησειεν
1279 2527 1517 2614 αὐτὸν,
1561 2526 1888 2613 βούλομαι
1930 2522 2056 2608 πρό
2082 2523 2354 2589 πάντων

438 2666 536 2705 ων
572 2640 790 2722 μέλλω
829 2636 1046 2720 λέγειν
1072 2628 1617 2716 μνημονεύοντας
1652 2624 1845 2710 ὑμων
1883 2621 2010 2690 οἶδ’
2056 2620 2156 2688 ότι
2198 2619 2380 2696 τούς,

437 2732 732 2811 πολλους
757 2730 1172 2815 ὑπομνῆσαι,
1221 2734 1309 2803 εἰς
1343 2732 1487 2792 τίνα
1509 2725 1694 2802 τάξιν
1719 2721 1954 2789 εαυτόν
1984 2726 2207 2797 ἔταξεν
2230 2722 2353 2782 Αἰ-

388 2863 393 2868 ·
440 2838 724 2919 σχίνης’
693 2862 764 2899 εν
787 2840 868 2918 τῆ
892 2835 1185 2914 πολιτεία
1210 2824 1282 2891 τὸ
1309 2849 1575 2906 πρωτον
1600 2823 1707 2886 καὶ
1728 2827 1911 2896 τίνας
1933 2818 2173 2901 λόγους
2193 2815 2353 2880 κατὰ

438 2940 564 3000 τοῦ
608 2937 944 2997 Φιλίππου
989 2932 1389 3011 δημηγορεῖν
1433 2920 1594 3009 ςόετο
1643 2925 1813 3002 δεῖν,
1868 2914 1958 2982 ιν’
2005 2913 2220 2998 εἰδῆθ’
2260 2938 2357 2980 οτι
2376 2924 2479 2977 344
2538 2921 2539 2924 ’

441 3045 579 3107 τοῖς
610 3026 734 3114 ὑφ’
775 3030 1020 3094 ἑαυτοῦ
1062 3025 1545 3110 πεπραγμένοις
1580 3021 1690 3085 καὶ
1727 3017 2363 3102 δεδημηγορημένοις

358 3154 426 3208 10
443 3134 517 3198 ἐν
540 3125 708 3214 ἀρχῇ
731 3114 1014 3212 μάλιστα
1044 3122 1579 3206 ἐξελεγχθήσεται
1605 3124 1786 3201 δῶρα
1825 3122 2006 3200 ἔχων.
2067 3119 2203 3180 ἔστι
2224 3117 2363 3178 τοί-

443 3256 576 3297 νυν
600 3252 797 3303 ουτος
824 3222 857 3290 ὁ
898 3247 1155 3308 πρωτος
1169 3220 1549 3306 Ἀθηναίων
1583 3217 1981 3301 αἰσθόμενος
2008 3221 2358 3294 Φίλιππον,

444 3326 533 3404 ὦς
567 3326 716 3393 τότε
755 3328 1152 3409 δημηγορων
1188 3326 1347 3405 ἔφη,
1393 3315 1909 3404 ἐπιβουλεύοντα
1945 3325 2079 3388 τοῖς
2095 3309 2363 3391 ‘'EM-2261

331 3442 336 3447 '
441 3427 552 3495 καὶ
598 3418 1085 3508 διαφθείροντά
1128 3446 1310 3496 τινας
1345 3446 1481 3484 των
1519 3422 1591 3483 ἐν
1605 3414 1917 3501 Ἀρκαδία
1959 3405 2361 3495 προεστηκό-

442 3551 612 3612 των,
654 3524 768 3593 καὶ
791 3526 957 3608 ἔχων
974 3520 1369 3604 Ἴσχανδρον
1401 3516 1518 3584 τὸν
1540 3514 2012 3597 Νεοπτολέμου
2051 3514 2361 3592 δευτερα·
