2622 4065
712 338 962 398 ΠΕΡΙ
1003 341 1203 399 Τον
1240 340 1755 404 ΣΤΕΦΑΝΟ
1776 350 1845 405 Y.
2100 326 2232 408 '283

316 495 465 560 τότε
501 497 1145 578 συκοφαντούντων·
1201 503 1403 582 δῆλον
1437 499 1565 583 γὰρ
1603 501 1704 568 ὅτι
1737 506 1848 570 καὶ
1876 505 2025 570 κατ’
2062 511 2229 574 ἐκεί-

313 617 474 667 νους
495 585 667 675 ἦσαν
691 619 882 675 τινες,
911 600 978 659 οἳ
997 598 1306 679 διέσυρον
1327 598 1447 680 μὲν
1469 602 1627 677 τους
1653 602 1851 679 ὄντας
1872 605 2043 689 τότε,
2071 605 2227 681 τοὺς

313 689 383 753 δὲ
418 691 746 772 πρότερον
780 697 1262 775 γεγενημένους
1303 697 1629 782 ἐπῄνουν,
1675 701 2026 783 βάσκανον
2049 710 2227 778 πρᾶ-

81 800 135 859 ε
189 805 292 857 318
309 812 441 869 γμα
485 789 594 851 καὶ
636 785 834 852 ταύτὸ
880 799 1226 866 ποιοῦντες
1270 804 1389 857 σοί.
1463 804 1597 860 είτα
1639 799 1844 879 λέγεις
1891 827 1982 876 ως
2019 798 2223 867 οὐδὲν
2308 815 2313 820 ’

310 883 533 968 ὅμοιός
560 892 688 967 ειμι
711 890 982 962 ἐκείνοις
1005 888 1160 970 ἐγω·
1147 939 1161 966 ,
1226 912 1310 954 συ
1339 888 1400 954 δ
1429 890 1682 976 όμοιος,
1706 903 2016 983 Αίσχινη;
2088 896 2122 964 6
2152 900 2218 964 δ’

308 979 646 1064 αδελφός
617 1008 650 1046 ο
694 984 841 1061 σός;
890 984 1086 1060 ἄλλος
1124 990 1200 1051 δέ
1230 1013 1327 1062 τις
1363 1014 1499 1053 των
1535 1016 1663 1055 νυν
1700 994 2032 1075 ῥητόρων;
2092 998 2217 1080 ἐγω

304 1079 425 1160 μὲν
447 1107 572 1164 γαρ
600 1079 844 1145 ουδένα
870 1091 1053 1164 φημί.
1108 1083 1276 1148 οἷλλα
1299 1084 1465 1167 πρὸς
1487 1114 1643 1164 τους
1668 1095 1942 1176 ζῶντας,
1985 1097 2035 1158 ω
2057 1122 2221 1179 χρη-

304 1178 434 1258 στὲ,
459 1182 569 1241 ἵνα
594 1178 800 1260 μηδὲν
837 1179 974 1244 ἄλλ
1002 1191 1195 1263 ει’,πω
1240 1182 1359 1248 τὸν
1396 1191 1605 1262 ζῶντα
1641 1190 1883 1267 ἐξέταζε
1917 1219 2029 1258 και
2063 1220 2219 1270 τους

306 1272 456 1339 καθ’
487 1272 725 1360 αυτὸν,
777 1277 997 1392 ω’σπερ
1023 1279 1226 1344 τᾶλλα
1249 1281 1495 1366 πάντα,
1539 1311 1689 1360 τους
1721 1313 2024 1372 ποιητας,
2057 1290 2214 1369 τούς
2230 1315 2335 1369 331

119 1382 136 1420 ἵ
176 1384 282 1439 319
298 1371 557 1453 χορούς,
581 1399 737 1449 τους
760 1374 1140 1457 ἀγωνιστάς.
1185 1377 1218 1443 6
1241 1384 1608 1465 Φιλάμμων
1632 1383 1751 1468 οὐχ
1777 1386 1876 1451 ὅτι
1897 1391 2213 1455 Γλαύκου

296 1477 419 1531 τοῦ
441 1476 824 1549 Καρυστίου
856 1482 970 1537 καί
995 1501 1199 1539 τινων
1239 1480 1480 1592 ἑτέρων
1506 1481 1831 1563 πρότερον
1855 1492 2211 1572 γεγενημέ-

294 1590 437 1629 νων
471 1564 786 1650 αθλητων
821 1567 1299 1654 ασθενέστερος
1335 1579 1450 1659 ἠν,
1499 1577 1967 1662 αστεφεὲνωτος
2002 1589 2073 1652 ἐκ
2094 1596 2211 1670 τῆς

290 1658 644 1779 Ὀλυμπίας
680 1664 904 1751 οέπῄει,
955 1668 1090 1734 ἀλλ’
1128 1671 1228 1736 ὅτι
1260 1699 1396 1738 των
1421 1681 1870 1746 εἰσελθόντων
1893 1682 2060 1768 πρὸς
2081 1713 2209 1751 αυ-

292 1758 412 1823 τὸν
437 1759 669 1842 ἄριστα
692 1764 981 1849 ἐμαχετο,
1001 1771 1455 1893 ἐστεφανοῦτο
1468 1776 1577 1839 καὶ
1599 1803 1805 1842 νικων
1831 1777 2206 1865 ἀνηγορεύ-

292 1880 416 1919 ετο.
444 1860 552 1921 καὶ
576 1856 660 1920 σύ
677 1860 841 1940 πρὸς
863 1887 1016 1938 τους
1032 1874 1160 1930 νῦν
1176 1865 1325 1950 όρα
1317 1895 1393 1932 ιιε
1418 1871 1723 1957 ῥήτορας,
1745 1876 1911 1957 πρὸς
1928 1882 2202 1964 σαυτὸν,

288 1951 453 2032 πρὸς
489 1954 716 2020 ὅντινα
750 1961 980 2042 βούλει
1022 1989 1155 2028 των
1198 1964 1541 2034 ἁπάντων
1580 1970 1822 2039 οὐδένα
1849 1978 2199 2063 ἐξίσταμαι.

166 2067 273 2119 320
290 2076 402 2132 ων,
420 2051 529 2116 ὅτε
561 2054 680 2135 μὲν
703 2065 783 2140 τῇ
806 2057 991 2123 πόλει
1013 2088 1092 2125 τα
1115 2067 1417 2146 βέλτιστα
1443 2070 1710 2134 ἑλέσθαι
1740 2084 1993 2159 παρῆν,
2033 2081 2202 2160 ἐφα-

286 2155 520 2230 μίλλου
533 2177 647 2234 της
662 2160 751 2229 είς
764 2154 888 2238 τὴν
902 2165 1181 2240 πατρίδα
1207 2159 1469 2240 εὐνοίας
1486 2170 1557 2229 ἐν
1583 2194 1784 2232 κοινω
1805 2194 1966 2235 πασι
1981 2181 2201 2259 κειμέ-

284 2272 433 2329 νης,
461 2248 586 2329 ἐγώ
605 2275 914 2330 κρατιστα
937 2260 1202 2338 λέγων’
1172 2264 1547 2346 εφαινόμην
1561 2316 1577 2346 9
1604 2293 1712 2331 και
1734 2284 1869 2345 τοις
1891 2274 2068 2354 ἐμοῖς
2090 2279 2199 2340 και

284 2351 659 2427 ψηφίσμασι
682 2351 792 2415 καὶ
813 2351 1040 2435 νόμοις
1063 2360 1172 2422 καὶ
1195 2363 1620 2445 πρεσβειαις
1593 2364 1853 2432 α’παντα
1877 2375 2197 2459 διωκεῖτο,

267 2467 474 2523 ,υμων
504 2446 572 2508 δὲ
593 2444 868 2523 ουδεις
831 2477 915 2531 ην
938 2451 1258 2537 οὐδαμοῦ,
1286 2457 1460 2541 πλὴν
1485 2467 1543 2525 εί
1563 2466 1820 2542 τούτοις
1843 2472 2201 2554 ἐπηρεασαι

283 2562 348 2600 τι
370 2542 534 2601 δέ’·οι
581 2544 802 2626 ἐπειδὴ
830 2546 950 2610 δε
922 2575 962 2610 α
986 2551 1218 2632 μήποτ
1246 2555 1463 2636 ὤφελε
1499 2565 1777 2643 συνέβη,
1826 2569 1937 2630 καὶ
1973 2566 2198 2635 οὐκέτι

286 2636 707 2717 συμβούλων,
726 2636 892 2705 αλλα
918 2669 1052 2709 των
1073 2662 1207 2723 τοις
1231 2653 1753 2750 ἐπιταττομένοις
1776 2656 2196 2780 υπηρετούν-

282 2756 419 2795 των
453 2737 560 2798 και
592 2763 729 2801 των
762 2765 927 2804 κατα
962 2751 1078 2825 τῆς
1123 2753 1434 2831 πατρίδος
1474 2745 1871 2834 μισθαρνειν
1909 2761 2191 2845 ἑτοίμων

280 2831 393 2893 καὶ
428 2857 562 2895 των
597 2839 984 2903 κολακεύειν
1019 2842 1246 2924 έτερον
1280 2852 1709 2932 βουλομένων
1743 2857 2032 2935 εξέτασις
2073 2865 2182 2948 ἦν,

278 2937 638 3008 τηνικαῦτα
675 2934 761 2997 σὺ
794 2938 903 3001 καὶ
936 2940 1193 3005 τούτων
1227 2944 1497 3022 έκαστος
1531 2973 1601 3011 εν
1635 2949 1811 3027 ταξει
1845 2960 1953 3020 καὶ
1973 2963 2179 3042 μέγας

277 3036 388 3087 καὶ
397 3028 708 3145 λαμπρὸς
740 3036 1177 3155 ίπποτροφος,
1228 3040 1353 3123 ἐγω
1395 3041 1457 3107 δ’
1487 3042 1811 3131 ασθενὴς,
1859 3049 2187 3151 ὁμολογω,

81 3197 85 3203 ὅ
122 3205 124 3207 ‚
151 3115 413 3187 3215(λῖ
444 3123 682 3202 εὔνους
716 3138 968 3247 μαλλον
1001 3160 1194 3217 υμων
1227 3150 1531 3207 τουτοισι.
1600 3147 1721 3210 δύο
1747 3145 1812 3211 δ’
1828 3177 1923 3229 ,ω
1949 3151 2191 3237 ἄνδρες

83 3207 87 3225 ”
270 3220 643 3306 Ἀθηναῖοι,
671 3224 791 3291 τὸν
814 3230 1014 3309 φύσει
1049 3238 1315 3316 μέτριον
1351 3248 1669 3325 πολίτην
1645 3251 1815 3327 ἐχειν
1852 3253 1957 3315 δεῖ
1981 3254 2188 3335 (ούτω

277 3315 406 3398 γάρ
442 3345 553 3401 μοι
589 3325 734 3406 περὶ
773 3327 935 3408 ἐμαι
927 3337 1062 3393 τοῦ
1098 3341 1359 3414 λέγοντι
1409 3334 2054 3426 ἀνεπιφθονώτατον
2089 3362 2250 3420 εί-·’

277 3426 457 3499 πεῖν)
474 3470 492 3504 9
540 3423 611 3486 ἐν
645 3449 766 3506 μεν
787 3441 925 3502 ταῖς
947 3431 1267 3510 ἐξουσίαις
1300 3436 1425 3520 τὴν
1446 3448 1569 3503 τοῦ
1593 3452 1907 3524 γενναίου
1927 3452 2039 3513 καὶ
2059 3459 2191 3516 τοῦ

275 3525 607 3597 πρωτείου
630 3529 712 3606 τῇ
735 3523 921 3589 πολει
947 3537 1334 3611 προαίρεσιν
1370 3540 1865 3626 διαφυλαττειν,
1891 3547 1966 3610 ἐν
1986 3554 2191 3616 παντὶ
