2622 4065
512 348 764 408 ΠΕΡΙ
836 346 1042 406 ΤΗΣ
1098 312 2001 410 ΠΑΡΑΠΡΕΣΒΕῙΑΣ.
2087 349 2214 413 345

310 507 523 576 κακὸν
546 504 667 572 οὐκ
699 512 823 586 ἔνι;
871 506 1274 591 δωροδόκος,
1314 507 1548 590 κόλαξ,
1595 521 1734 584 ταῖς
1757 507 1947 591 ἀραῖς
1969 517 2213 597 ἔνοχος,

312 604 595 687 ψεύστης
613 654 629 687 ,
655 611 789 669 τῶν
813 609 1028 686 φίλων
1052 605 1405 688 προδότης,
1433 604 1625 670 πάντ’
1656 613 1870 672 ἔνεστι
1892 606 1972 674 τὰ
1998 610 2217 675 δεινά-

310 728 502 787 τατα·
548 702 712 786 πρὸς
736 705 809 767 ἓν
832 699 977 767 οὐδ’
1005 700 1234 768 ὁτιοῦν
1257 701 1514 769 τούτων
1538 703 2038 792 ἀπολογήσεται,
2067 705 2215 773 0τῖδῖ

312 807 435 877 ἕξει
480 805 739 865 δικαίαν
785 797 934 865 οὐδ’
985 798 1202 885 ἁπλῆν
1238 807 1443 867 εἰπεῖν
1480 799 1843 887 ἀπολογίαν
1877 802 2213 889 οὐδεμίαν.

311 896 354 960 οἳ
378 895 439 961 δ’
466 896 588 980 ἐγω
615 890 947 982 πέπυσμαι
967 904 1228 1017 μέλλειν
1253 896 1463 964 αὐτὸν
1488 900 1730 984 λέγειν,
1781 908 1915 968 ἔστι
1950 905 2070 986 μὲν
2104 906 2215 986 έγ-

308 1020 567 1076 γυτατω
593 1001 860 1078 μανίας,
907 995 987 1060 οὐ
1022 994 1153 1079 μὴν
1178 994 1325 1061 αλλ’
1356 1006 1511 1073 ἴσως
1534 1004 1626 1083 τῷ
1649 998 1909 1081 μηδὲν”
1877 1025 2086 1082 εχοντι
2112 1005 2212 1065 δί-

184 1105 286 1157 202
309 1119 497 1158 καιον
521 1091 662 1158 ἄλλ’
693 1100 895 1158 εἰπεῖν
935 1119 1187 1176 αναγκη
1225 1118 1441 1158 παντα
1476 1103 1916 1177 μηχανασθαι
1986 1094 2212 1162 ακούω

308 1190 435 1273 γὰρ
461 1187 666 1255 αὐτὸν
691 1193 861 1272 ἐρεῖν
888 1186 974 1265 ὡς
998 1187 1102 1268 ἄρ’
1136 1187 1261 1272 ἐγω
1286 1214 1557 1255 παντων
1584 1193 1678 1255 ὠν
1701 1202 2049 1277 κατηγορῶ
2071 1220 2215 1259 κοι-

307 1284 522 1363 νωνὸς
565 1314 836 1370 γεγονα,
881 1290 990 1352 καὶ
1035 1288 1400 1370 συνήρεσκε
1436 1289 1642 1353 ταῦτα
1677 1316 1818 1374 μοι,
1865 1293 1974 1357 καὶ
2012 1294 2214 1358 συνέ-

308 1407 598 1462 πραττον
621 1382 803 1467 αὐτῷ
817 1436 834 1468 ,
884 1382 1082 1449 ἔπειτ’
1122 1388 1431 1468 ἐξαίφνης
1455 1391 1937 1470 μεταβέβλημαι
1961 1392 2068 1453 καὶ
2093 1416 2217 1454 κα-
2254 1392 2257 1394 ’

308 1488 588 1562 τηγορῶ.
656 1486 791 1546 ἔστι
827 1480 890 1544 δ’
926 1478 1094 1564 ὑπὲρ
1132 1484 1252 1561 μὲν
1275 1489 1410 1544 τῶν
1434 1485 1911 1566 πεπραγμένων
1937 1484 2091 1551 οὔτε
2117 1491 2215 1551 δα

308 1583 461 1642 καία
486 1575 637 1643 οὔτε
662 1578 1089 1661 προσήκουσα
1111 1575 1151 1660 ἡ
1182 1579 1450 1661 τοιαύτη
1475 1576 1795 1661 ἀπολογία
1809 1633 1825 1662 ,
1870 1586 2032 1666 ἐμοῦ
2056 1586 2217 1667 μέν-

307 1698 409 1739 τοι
443 1701 538 1752 τις
574 1682 962 1759 κατηγορία·
1010 1672 1134 1758 ἐγώ
1172 1677 1293 1757 μὲν
1330 1673 1486 1758 γαρ,
1535 1683 1594 1742 εἰ
1624 1687 1829 1744 ταῦτα
1865 1689 2213 1767 πεποίηκα,

309 1771 564 1851 φαῦλός
587 1777 714 1852 εἰμι
738 1771 1127 1855 ἄνθρωπος,
1174 1769 1251 1835 τὰ
1292 1772 1362 1839 δὲ
1389 1772 1736 1858 πράγματα
1760 1774 1958 1844 οὐδὲν
1978 1786 2213 1863 βελτίω

151 1853 155 1857 ’
184 1880 288 1934 203
309 1863 414 1930 δια
449 1873 676 1949 τοῦτο,
724 1864 876 1931 οὐδὲ
910 1875 1163 1934 πολλοῦ
1188 1872 1301 1934 δεῖ.
1375 1870 1455 1936 οὐ
1481 1870 1613 1956 μὴν
1640 1872 1782 1940 ἀλλ’
1813 1874 2005 1959 ἔγωγ’
2036 1876 2223 1960 οἶμαί

306 1989 414 2047 μοι
438 1986 795 2083 προσηκειν
820 1962 1139 2049 αμφότερ’
1170 1965 1330 2050 ὑμῖν
1352 1971 1690 2056 ἐπιδεῖξαι,
1717 1975 1824 2038 καὶ
1849 1972 1944 2039 ὅτι
1972 1974 2216 2051 ψεύσε-

303 2087 437 2143 ται,
464 2069 625 2127 ταῦτ
633 2061 794 2127 ’ἐὰν
821 2066 975 2147 λέγῃ
994 2114 1008 2143 ,
1034 2066 1143 2127 καὶ
1172 2064 1292 2147 τὴν
1318 2067 1632 2131 δικαίαν
1602 2069 1742 2151 η’τις
1767 2074 1942 2135 ἐστιν
1965 2069 2230 2137 απολο-

304 2164 431 2239 γία.
495 2154 534 2240 ἡ
561 2158 680 2239 μὲν
705 2165 934 2224 τοίνυν
960 2164 1177 2225 δικαία
1200 2165 1305 2227 καὶ
1333 2160 1510 2247 απλῆ
1524 2215 1540 2246 ,
1566 2161 1608 2247 η’
1634 2162 1717 2241 ὡς
1743 2165 1822 2231 οὐ
1845 2171 2212 2253 πέπρακται

305 2279 384 2319 τα
420 2259 916 2338 κατηγορημένα
954 2261 1187 2342 δεῖξαι,
1232 2255 1274 2342 ἢ
1317 2286 1401 2335 ως
1438 2265 1862 2345 πεπραγμένα
1887 2271 2210 2348 συμφέρει

305 2359 384 2434 τῇ
408 2350 608 2417 πόλει.
655 2352 913 2418 τούτων
938 2352 997 2419 δ’
1028 2353 1379 2441 οὐδέτερον
1405 2356 1656 2423 δύναιτ’
1687 2357 1769 2424 ἄν
1798 2365 1991 2438 οὗτος
2015 2372 2213 2446 ποιῆ-

182 2456 286 2507 204
306 2468 429 2513 σαι.
481 2446 631 2513 οὔτε
653 2475 778 2531 γαρ
808 2477 893 2527 ως
921 2455 1242 2536 συμφέρει
1267 2455 1480 2578 δήπου
1508 2461 1775 2535 Φωκεας
1799 2457 2215 2527 απολωλέναι

303 2549 410 2611 καὶ
433 2545 658 2622 Πύλας
687 2554 1013 2614 Φίλιππον
1041 2556 1211 2633 ἔχειν
1238 2554 1345 2616 καὶ
1373 2561 1703 2636 Θηβαίους
1727 2559 1979 2639 ἰσχύειν
2003 2562 2112 2624 καὶ
2140 2563 2212 2624 ἐν

303 2644 557 2729 Ευβοία
594 2646 990 2729 στρατιώτας
1024 2647 1191 2712 εἶναι
1224 2655 1331 2713 καὶ
1368 2650 1706 2735 Μεγαροις
1752 2655 2237 2739 ἐπιβουλεύειν

305 2743 412 2805 καὶ
446 2737 792 2824 ἀνώμοτον
829 2741 994 2808 εἶναι
1028 2744 1151 2829 τὴν
1188 2747 1490 2830 εἰρήνην,
1537 2752 1747 2813 ἔνεστι
1773 2754 1985 2833 λέγειν
2009 2777 2213 2841 αυτω,

307 2837 402 2915 οἷς
444 2839 588 2903 τότε
629 2838 943 2907 τάναντία
986 2840 1338 2927 απήγγειλε
1386 2843 1549 2927 πρὸς
1592 2844 1763 2930 υμᾶς
1820 2875 1908 2925 ως
1960 2853 2219 2933 συμφέ
2236 2856 2340 2941 405

309 2961 512 3021 ροντα
548 2938 655 3001 καὶ
688 2940 1128 3023 γενησόμενα·
1178 2940 1337 3007 οὔθ’
1380 2969 1466 3019 ως
1490 2969 1571 3007 ου
1597 2949 1964 3028 πέπρακται
1987 2955 2220 3068 ταῦτα,

309 3033 660 3117 δυνήσεται
697 3051 912 3102 πεῖσαι
945 3065 1100 3117 τους
1140 3038 1383 3117 αὐτοὺς
1417 3042 1769 3124 ἑορακότας
1805 3041 1975 3127 υμᾶς
2009 3046 2117 3109 καὶ
2141 3046 2217 3109 εὐ

184 3140 298 3197 205*
310 3131 574 3208 εἰδότας.
645 3131 895 3202 ουκοῦν
931 3164 1016 3213 ως
1053 3164 1133 3203 ου
1169 3165 1619 3223 κεκοινωνηκα
1643 3166 1897 3217 τουτοις
1940 3138 2221 3218 οὐδενὸς
2308 3169 2310 3171 '

308 3229 547 3295 λοιπόν
569 3257 696 3347 μοι
734 3237 952 3311 δεῖξαι.
1033 3235 1359 3319 βούλεσθ’
1403 3243 1530 3303 οὐν
1555 3235 1746 3322 ὑμῖν,
1792 3263 2009 3304 παντα
2032 3237 2220 3305 τᾶλλ’

310 3324 532 3413 ἀφεὶς,
558 3325 598 3392 ἃ
620 3329 780 3413 παρ’
804 3329 960 3415 ὑμῖν
985 3331 1331 3417 ἀντεῖπον,
1359 3363 1399 3399 α
1425 3339 1496 3401 ἐν
1520 3344 1600 3423 τῇ
1625 3333 1957 3422 ἀποδημία
1980 3338 2229 3420 προσέ-

307 3449 593 3510 κρουον,
644 3424 729 3504 (ὃς
765 3426 1021 3495 ἅπαντα
1058 3428 1174 3496 τὸν
1212 3385 1457 3516 χρόνον
1491 3430 1927 3518 ἠναντίωμαι,
1978 3429 2224 3511 αὐτοὺς

308 3523 743 3609 παράσχωμαι
788 3529 1124 3614 μάρτυρας
1166 3530 1446 3608 τούτους
1494 3529 1593 3596 ὅτι
1639 3531 1853 3596 πάντα
1905 3527 2226 3599 τάναντία
