2622 4065
653 276 906 337 ΠΕΡΙ
962 275 1160 333 ΤΟΥ
1215 260 1812 332 ΣΤΕΦΑΝΟΤ.
2064 263 2192 328 247

377 438 448 506 τὰ
469 465 630 522 παρα
664 443 807 499 πᾶσι
829 445 947 510 τοῖς
961 433 1204 536 Ἐλλησι
1231 430 1586 536 νομιζόμενα
1621 429 1772 493 εἶναι
1807 434 2039 529 δίκαια,
2088 435 2185 491 καὶ

377 522 573 596 πόλεις
593 529 958 625 παραιρεῖται
982 513 1153 581 ουδὲν
1179 513 1338 601 αὐτῷ
1360 513 1796 618 προσηκούσας,
1814 539 1978 585 τινας
2004 513 2066 574 δὲ
2088 514 2189 574 καὶ

373 603 705 708 Ἀθηναίων
729 603 903 676 ου’σας
927 599 1308 707 δοριαλξοτους
1330 603 1642 678 πεποίηκεν
1666 593 1840 659 ουδὲν
1861 600 2188 693 προαδικη-

84 716 85 719 ’
379 692 506 762 θεὶς
526 683 640 751 υπὸ
666 695 769 749 τοῦ
794 683 979 766 δήμου
1003 692 1107 746 τοῦ
1124 683 1487 780 Ἀθηναίων,
1537 684 1600 743 ἐν
1633 706 1691 742 τε
1714 687 1796 764 τῷ
1817 676 2068 786 παρόντι
2094 679 2189 739 ἐπὶ

100 815 104 818 -
173 777 272 830 182
377 769 525 835 πολυ
548 795 792 872 προαγει
815 777 884 853 τῇ
906 794 963 829 τε
985 773 1086 852 βία
1110 794 1208 828 και
1230 774 1302 851 τῇ
1328 760 1604 843 ωμότητι·
1652 765 1751 824 καὶ
1787 789 1902 843 γαρ
1914 762 2186 841 Ελληνί-

380 861 482 929 δας
504 852 693 925 πόλεις
719 880 785 925 ας
808 854 913 933 μὲν
937 848 1302 932 ἐμφρούρους
1324 856 1484 908 ποιεῖ
1499 850 1597 907 καὶ
1626 873 1728 919 τας
1751 849 2040 917 πολιτείας
2073 869 2183 905 κα-

375 936 568 1001 ταλυει
583 983 601 1015 ,
645 962 805 1007 τινας
853 936 913 996 δὲ
960 936 1057 994 καὶ
1103 926 1723 1032 ἐξανδραποδιζόμενος
1766 947 2179 1005 κατασκαπτει,
2244 973 2248 977 -

377 1027 454 1094 εἰς
489 1024 641 1091 ἐνίας
681 1020 740 1079 δὲ
779 1020 878 1077 καὶ
913 1012 1043 1078 αντὶ
1054 1011 1354 1111 Ελλήνων
1388 1009 1723 1113 βαρβαρους
1759 1015 2065 1085 κατοικίζει
2090 1011 2183 1070 ε’πι

374 1129 444 1165 τα
470 1098 593 1183 ἵερα
621 1102 722 1161 καὶ
744 1124 877 1171 τους
903 1123 1128 1175 ταφους
1153 1094 1417 1199 έπαγων,
1466 1090 1641 1156 οὐδὲν
1666 1089 1973 1175 αλλότριον
1994 1097 2183 1154 ποιῶν

374 1211 502 1247 ουτε
533 1192 632 1263 τῆς
669 1183 875 1243 ἑαυτοῦ
903 1184 1185 1279 πατρίδος
1223 1178 1354 1240 ου’τε
1390 1185 1491 1239 τοῦ
1527 1174 1776 1258 τρόπον,
1825 1178 1924 1237 καὶ
1962 1183 2035 1258 τῇ
2069 1181 2182 1236 νῦν

374 1263 535 1350 αυτῷ
558 1261 827 1366 παρούσῃ
851 1289 916 1323 τυ
920 1289 990 1346 ,ζη
1016 1259 1349 1341 κατακόρως
1373 1258 1662 1341 χρώμενος
1676 1307 1693 1338 ,
1743 1259 2180 1359 ἐπιλελησμένος

374 1331 631 1411 ἕαυτοῦ’
596 1373 687 1409 οτι
710 1349 773 1407 ἐκ
794 1351 1005 1425 μικροῦ
1028 1346 1126 1404 καὶ
1148 1351 1249 1407 τοῦ
1270 1343 1412 1420 τυχό-
1414 1368 1537 1415 ντος
1559 1345 1794 1442 γέγονεν
1814 1337 2164 1412 ἀνελπίστως

167 1439 265 1492 183
369 1434 564 1529 μέγας.
627 1432 726 1490 καὶ
761 1429 863 1499 ἕως
897 1428 1001 1504 μὲν
1047 1423 1237 1500 πόλεις
1282 1426 1431 1509 ἑώρα
1472 1421 1956 1529 παραιρούμενον
1988 1419 2168 1484 αὐτὸν

371 1509 704 1617 βαρβαρους
729 1510 826 1570 καὶ
849 1512 1029 1585 ἰδίας,
1075 1505 1482 1589 υπελαμβανεν
1505 1511 1738 1568 ε’λαττον
1762 1505 1956 1569 εἶναι
1936 1535 1965 1570 ο
1992 1511 2174 1585 δῆμος

1068 1586 1083 1609 (”
1135 1584 1147 1606 ἱ

373 1594 402 1659 ὁ
437 1591 772 1673 Ἀθηναίων
806 1587 867 1651 τὸ
905 1595 982 1663 εἰς
1017 1617 1195 1653 αυτον
1227 1599 1720 1693 πλημμελεῖσθαι·
1766 1598 1880 1651 νῦν
1914 1594 1975 1653 δὲ
2019 1591 2178 1686 ὁρων

363 1678 703 1756 Ἑλληνίδας
736 1670 927 1746 πόλεις
962 1700 1064 1745 τας
1102 1676 1207 1753 μὲν
1240 1671 1648 1764 υβριζομένας,
1696 1700 1799 1745 τας
1836 1675 1898 1734 δὲ
1922 1669 2176 1735 αναστᾶ-

368 1787 501 1833 τους
523 1759 885 1859 γιγνομένας,
913 1753 1157 1818 δεινὸν
1127 1767 1354 1856 ηγεῖται
1374 1765 1522 1817 εἰναι
1546 1758 1645 1817 καὶ
1673 1746 1912 1829 ἆναξιον
1936 1764 2037 1835 τῆς
2059 1761 2179 1814 τῶν

366 1840 674 1939 προγόνων
689 1837 855 1917 δόξης
873 1833 935 1899 τὸ
959 1847 1238 1920 περιορᾶν
1260 1865 1392 1911 τους
1397 1838 1688 1916 Έλληνας
1709 1837 2177 1914 καταδουλουμέ-

82 1922 85 1924 ’
171 1927 268 1980 184
375 1952 522 1997 νους.
592 1920 680 1985 διὸ
706 1919 981 1999 δεδόχθαι
1003 1930 1071 2005 τῇ
1095 1929 1279 2005 βουλῇ
1304 1949 1402 1983 και
1425 1929 1505 2004 τῷ
1531 1918 1696 2005 δήμω
1718 1928 1798 2003 τῷ
1817 1917 2175 2000 Ἀθηναίων,

369 2003 713 2107 ευξαμένους
747 2006 845 2066 καὶ
877 2001 1176 2078 θύσαντας
1199 2014 1317 2078 τοῖς
1349 1986 1512 2077 θεοῖς
1543 2031 1643 2066 και
1663 2004 1848 2087 η’ρωσι
1869 2014 1987 2079 τοῖς
2010 2003 2175 2066 κατέ-

366 2110 528 2172 χουσι
543 2086 651 2169 τὴν
668 2087 839 2151 πόλιν
858 2113 956 2148 και
973 2114 1079 2165 την
1096 2086 1290 2193 χώραν
1307 2115 1414 2166 την
1426 2082 1777 2182 Ἀθηναίων,
1795 2090 1894 2149 καὶ
1913 2092 1974 2150 ἐν
1964 2097 2174 2165 θυμη-

364 2177 575 2244 θέντας
595 2179 694 2273 τῆς
711 2178 826 2233 τῶν
818 2171 1152 2273 προγόνων
1176 2170 1396 2250 ἀρετῆς,
1415 2166 1559 2231 διότι
1580 2174 1711 2252 περὶ
1731 2176 1991 2244 πλείονος
2016 2172 2171 2230 ἐποι-

372 2264 541 2318 ινῦντο
563 2249 670 2334 τὴν
691 2261 807 2314 τῶν
818 2249 1113 2333 Ελλήνων
1137 2257 1472 2332 ἐλευθερίαν
1497 2249 1836 2354 διατηρεῖν
1810 2280 1847 2331 η
1870 2250 1978 2333 τὴν
2014 2256 2173 2313 ιδίαν
2193 2262 2302 2314 290

370 2342 649 2439 πατρίδα,
696 2341 992 2409 διακοσίας
1015 2343 1158 2410 ναῦς
1183 2340 1494 2398 καθέλκειν
1517 2361 1594 2407 εις
1616 2332 1722 2416 τὴν
1745 2336 2048 2398 θαλατταν
2072 2336 2172 2396 καὶ

371 2419 473 2483 τὸν
499 2417 796 2516 ναύαρχον
821 2412 1103 2481 ἀναπλεῖν
1128 2416 1283 2492 ἐντὸς
1306 2426 1558 2493 Πυλῶν,
1606 2422 1706 2479 καὶ
1728 2415 1829 2481 τὸν
1853 2414 2174 2500 στρατηγὸν

373 2506 471 2563 καὶ
515 2497 616 2563 τὸν
658 2507 949 2580 ἵππαρχον
991 2528 1092 2574 τας
1135 2499 1306 2576 πεζας
1343 2503 1441 2562 καὶ
1476 2527 1580 2572 τας
1615 2499 1857 2576 ἱππικας
1896 2507 1942 2563 δ
1932 2527 2174 2601 υναμεις

366 2580 731 2644 Ελευσῖναδε
765 2581 1015 2661 ἐξαγειν,
1060 2587 1290 2662 πέμψαι
1328 2586 1390 2644 δὲ
1425 2584 1524 2641 καὶ
1558 2586 1823 2682 πρέσβεις
1856 2580 2001 2664 πρὸς
2037 2609 2172 2655 τους

370 2662 599 2737 αλλους
597 2662 897 2742 Ἐλληνας,
938 2673 1169 2765 πρῶτον
1203 2667 1264 2726 δὲ
1297 2689 1535 2725 παντων
1568 2661 1712 2770 πρὸς
1742 2671 2034 2745 Θηβαίους
2071 2662 2171 2725 δια

120 2831 123 2832 ⁷
167 2762 267 2814 185
368 2743 432 2810 τὸ
456 2744 745 2828 ἕγγυτατω
766 2744 915 2807 εἶναι
935 2743 1037 2808 τὸν
1067 2752 1362 2809 Φίλιππον
1383 2773 1482 2825 της
1520 2747 1756 2808 ἐκείνων
1771 2774 2008 2846 χωρας,
2054 2772 2168 2808 πα-

371 2838 645 2934 ρακαλεῖν
679 2829 742 2890 δὲ
772 2855 981 2903 αυτους
1015 2832 1194 2910 μηδὲν
1232 2830 1707 2932 καταπλαγέντας
1732 2825 1833 2893 τὸν
1875 2835 2171 2891 Φίλιππον

372 2910 715 2992 αντὲχεσθαι
737 2918 837 2988 τῆς
863 2916 1082 2975 ἑαυτῶν
1104 2916 1202 2975 καὶ
1224 2921 1326 2994 τῆς
1348 2921 1463 2975 τῶν
1489 2908 1707 2974 α’λλων
1714 2911 1990 2993 Ελληνων
2015 2915 2171 2974 ἐλευ-

368 3000 641 3093 θερίας,
650 2997 748 3056 καὶ
775 2992 927 3058 δ’τι
905 3024 935 3060 ο
955 2992 1291 3096 Ἀθηναίων
1327 3002 1535 3077 δῆμος,
1583 2991 1757 3058 ουδὲν
1793 3015 2177 3096 μνησικακων

369 3082 426 3138 εί
449 3103 504 3137 τι
526 3074 807 3177 πρότερον
839 3107 901 3160 γ
884 3083 1075 3160 ’γονεν
1111 3074 1414 3180 αλλότριον
1440 3087 1564 3150 ταῖς
1593 3078 1792 3142 πόλεσι
1820 3073 1964 3160 πρὸς
1998 3074 2176 3158 ἀλλή-

369 3167 500 3238 λας,
548 3158 855 3259 βοηθήσει
867 3163 967 3221 καὶ
1011 3160 1289 3260 δυναμεσι
1323 3188 1422 3222 και
1455 3156 1706 3263 χρήμασι
1743 3164 1843 3223 καὶ
1864 3161 2053 3240 βέλεσι
2075 3161 2178 3222 καὶ

368 3239 593 3319 όπλοις,
641 3239 855 3316 εἰδὼς
837 3240 923 3306 ότι
960 3237 1156 3317 αυτοῖς
1159 3246 1296 3344 μὲν
1329 3240 1473 3327 πρὸς
1508 3241 1793 3344 αλλήλους
1818 3250 2176 3345 διαμφισβη-

368 3334 487 3386 τεῖν
506 3326 648 3427 περὶ
658 3332 757 3425 τῆς
779 3320 1087 3427 ηγεμονίας
1113 3346 1279 3389 ουσιν
1284 3324 1526 3407 Ἐλλησι
1562 3322 1774 3406 καλὸν,
1821 3324 1938 3391 υπὸ
1976 3329 2036 3387 δὲ
2070 3322 2173 3387 αλ-

367 3406 627 3484 λοφύλου
662 3402 985 3489 ανθρώπου
1023 3406 1309 3490 αρχεσθαι
1348 3413 1444 3472 καὶ
1480 3418 1581 3490 τῆς
1604 3407 1912 3492 ηγεμονίας
1933 3430 2176 3470 αποστε-
