2622 4065
392 331 515 392 326
826 334 969 391 XIX.
1037 330 1877 392 ΔΗΜΟΣΘΕΝΟΥΣ

398 489 456 557 δ’
503 487 820 556 ἁπάντων
852 494 987 555 τῶν
1020 486 1385 571 Ἑλλήνων,
1432 485 1611 571 ὁρῶν
1638 495 1942 580 Φιλίππω
1981 495 2101 577 μὲν
2135 493 2316 581 ὑμᾶς

400 586 895 706 ὀργιζομένους,
913 584 983 663 ὃς
1007 588 1079 652 ἐκ
1103 590 1396 670 πολέμου
1420 588 1818 672 ποιούμενος
1864 592 2137 678 εἰρήνην
2180 619 2308 660 πα-

400 685 487 770 ρὰ
508 711 645 752 των
667 683 1074 750 πωλουντων
1096 682 1212 760 τὰς
1246 685 1511 769 πράξεις
1533 688 1793 752 ἐωνεῖτο
1811 697 2124 773 ,πρᾶγμα
2147 701 2322 758 πολ--

367 811 372 813 ’
399 783 525 869 λήν
583 780 983 867 συγγνώμην
1041 789 1191 866 ἔχον
1250 785 1810 869 διαπραττόμενος
1826 836 1851 883 9
1923 793 2188 854 τουτονι
2243 782 2304 855 δ

400 879 716 965 ἀφιέντας
732 932 749 964 9
795 878 867 958 ὃς
892 878 972 947 τά
998 879 1279 967 ὑμέτερα
1305 882 1515 960 οὕτως
1537 890 1816 968 αἰσχρῶς
1826 877 2155 970 ἀπέδοτο,
2179 912 2318 952 των

398 979 631 1064 νόμων
664 977 746 1045 τὰ
785 984 1020 1064 ε’σχατα
1055 980 1430 1046 ταττόντων
1466 983 1776 1066 ἐπιτίμια,
1822 981 1936 1048 ἐάν
1978 1010 2072 1060 τις
2108 991 2318 1049 ταῦτα

399 1086 578 1162 ποιῇ.

278 1172 383 1227 134
581 1174 758 1256 Τάχα
780 1180 1009 1240 τοίνυν
1035 1184 1189 1252 ἴσως
1204 1179 1311 1242 καὶ
1330 1186 1625 1253 τοιοῦτος
1640 1176 1778 1262 ἥξει
1800 1204 1896 1256 τις
1919 1180 2115 1264 λόγος
2138 1180 2315 1267 παρὰ

401 1273 661 1339 τούτων
679 1324 694 1354 ,
723 1272 807 1349 ὡς
831 1271 993 1358 ἀρχὴ
1019 1274 1369 1359 γενήσεται
1390 1273 1559 1359 πρὸς
1583 1283 1916 1342 Φίλιππον
1938 1282 2179 1361 ἔχθρας
2195 1329 2211 1362 ,
2261 1285 2319 1344 εἰ

402 1378 540 1436 τῶν
565 1371 1124 1456 πρεσβευσάντων
1147 1371 1271 1456 τὴν
1296 1374 1568 1492 εἰρήνην
1591 1386 2138 1459 καταψηφιεῖσθε.
2188 1376 2316 1459 ἐγώ

406 1465 463 1532 δ’
474 1473 580 1553 ,εἰ
596 1465 776 1532 τοῦτ’
807 1473 984 1533 ἐστιν
1010 1466 1285 1551 ἄληθες,
1326 1467 1447 1534 οὐκ
1473 1476 1593 1553 ἔχω
1620 1473 2074 1555 σκοπούμενος
2098 1472 2320 1557 εὑρεῖν

403 1563 443 1630 o'
475 1590 538 1630 τι
573 1572 795 1650 μεῖζον
825 1566 1068 1631 τούτου
1104 1567 1555 1650 κατηγορήσω.
1629 1575 1687 1633 εἰ
1707 1567 1833 1685 γὰρ
1860 1568 1893 1636 6
1918 1580 2033 1655 τῆς
2058 1573 2321 1656 εἰρήνης

300 1716 306 1718 .
397 1662 669 1748 χρήματ’
696 1661 1046 1740 ἀναλώσας
1073 1663 1240 1729 ὥστε
1262 1680 1504 1747 τυχεῖν,
1524 1691 1717 1741 ουτος
1741 1665 1914 1731 οὕτω
1937 1672 2169 1752 γε’γονε
2191 1696 2316 1752 φο-

397 1758 595 1844 βερὸς
639 1763 749 1826 καὶ
792 1764 993 1845 μέγας
1043 1759 1208 1827 ω’στε
1252 1789 1388 1826 των
1434 1761 1659 1846 ὅρκων
1713 1768 1822 1829 καὶ
1864 1773 1999 1830 τῶν
2036 1771 2315 1834 δικαίων

399 1856 861 1943 ἀμελήσαντας
883 1857 1055 1944 ὑμᾶς
1075 1857 1202 1944 ἤδη
1226 1867 1293 1925 τί
1314 1867 1614 1948 Φιλίππῳ
1654 1874 1989 1945 χαριεῖσθε
2014 1880 2309 1949 σκοπεῖν,

401 1963 470 2021 τί
486 1955 821 2032 παθόντες
845 1952 930 2021 ἀν
953 1961 1017 2022 οἰ
1049 1958 1303 2022 τούτων
1342 1968 1533 2023 αἴτιοι
1555 1957 1677 2044 τήν
1710 1961 2183 2045 προσήκουσαν
2212 1968 2316 2028 δί·

272 2062 381 2118 135
399 2080 531 2138 κην
570 2055 932 2132 δεδωκότες
969 2054 1133 2135 εἶεν;
1181 2055 1261 2121 οὐ
1300 2055 1433 2141 μὴν
1466 2056 1600 2123 ἀλλ’
1631 2057 1730 2124 ὅτι
1769 2061 1877 2125 καὶ
1902 2067 2121 2143 φιλίας
2143 2059 2310 2146 ἀρχὴ
2393 2101 2394 2104 ¹

401 2151 876 2236 συμφερούσης
899 2150 1057 2236 ὑμῖν
1082 2153 1256 2219 οὕτω
1283 2159 1590 2239 μάλλον’
1558 2183 1629 2221 εκ
1653 2166 1787 2223 τῶν
1815 2158 2089 2225 εἰκότων
2109 2160 2312 2244 γενή-

400 2272 617 2334 σεται,
663 2255 773 2316 καὶ
807 2249 995 2316 τοῦτ’
1052 2249 1233 2337 οἶμαι
1288 2258 1538 2331 δείξειν.
1620 2248 1697 2319 εὖ
1730 2253 1860 2338 γάρ
1900 2257 2144 2323 εἰδέναι
2186 2256 2308 2340 χρὴ

397 2346 613 2432 τουθ’,
665 2347 767 2415 ὅτι
799 2347 879 2414 οὐ
916 2364 1329 2433 καταφρονεῖ
1353 2357 1708 2433 Φίλιππος,
1760 2380 1806 2417 ω
1852 2353 2093 2436 ἀνδρες
2110 2352 2311 2437 Ἀθη-

351 2471 354 2473 ·
397 2460 609 2529 ναῖοι,
654 2455 768 2530 τῆς
802 2446 1057 2523 πόλεως
1088 2453 1202 2531 τῆς
1227 2445 1578 2532 ὑμετέρας,
1616 2446 1760 2516 οὐδ’
1792 2447 2308 2533 ἀχρηστοτέρους

398 2552 677 2627 νομίσας
720 2572 891 2628 υμας
938 2551 1249 2630 Θηβαίων
1305 2550 1598 2623 ἐκείνους
1656 2547 1847 2612 ειλετ
1896 2546 2047 2613 ἀνθ’
2094 2575 2303 2668 υμων.
2331 2563 2435 2615 383

359 2641 536 2709 ἀλλ’
561 2640 692 2708 υπὸ
718 2642 976 2709 τούτων
1014 2643 1326 2728 ε’διδάχθη
1368 2647 1475 2711 και
1520 2651 1683 2709 ταῦτ
1690 2641 2060 2731 ἤκουσεν,
2109 2675 2150 2712 α
2198 2653 2306 2712 καὶ

395 2740 727 2825 πρότερόν
760 2740 907 2807 ποτ’
951 2741 1137 2808 εἶπον
1171 2741 1295 2825 ἐγω
1335 2741 1499 2828 πρὸς
1538 2771 1705 2827 υμας
1739 2748 1811 2809 ἐν
1844 2771 1934 2810 τω
1977 2746 2163 2831 δήμω
2199 2749 2308 2811 καὶ

267 2854 373 2907 136
395 2838 656 2919 τούτων
696 2834 913 2914 οὐδεὶς
952 2838 1287 2924 ἀντεῖπεν,
1329 2839 1414 2917 ὠς
1448 2839 1481 2907 ὁ
1509 2843 1631 2925 μὲν
1665 2842 1870 2926 δῆμός
1905 2846 2082 2908 ἐστιν
2106 2840 2298 2907 ἀστα-

400 2933 822 3019 θμητότατον
854 2945 1122 3020 πρᾶγμα
1144 2945 1280 3002 τῶν
1304 2938 1575 3003 πάντων
1596 2941 1706 3004 καὶ
1730 2937 2304 3021 ἀσυνθετώτατον,

398 3025 622 3116 ὥσπερ
655 3035 727 3098 ἐν
759 3032 1058 3120 θαλάττῃ
1083 3042 1346 3119 πνεῦμα
1383 3033 1866 3120 ἀκατάστατον,
1906 3036 1991 3115 ὡς
2015 3034 2100 3103 ἀν
2120 3038 2304 3123 τύχῃ,

298 3159 301 3161 ·
391 3130 810 3215 κινούμενος.
884 3132 915 3196 ὁ
943 3132 1064 3216 μὲν
1086 3125 1320 3218 ἦλθεν,
1350 3131 1383 3199 6
1411 3132 1474 3199 δ’
1510 3133 1843 3219 ἀπῆλθεν·
1881 3138 2061 3220 μέλει
2085 3133 2148 3200 δ’
2183 3132 2304 3200 οὐ·-

393 3234 533 3297 δενὶ
571 3236 707 3295 τῶν
743 3239 1025 3316 κοινῶν,
1052 3229 1206 3298 οὐδὲ
1232 3235 1568 3318 μέμνηται.
1648 3239 1751 3300 δεῖ
1767 3239 1841 3300 δέ
1866 3260 2045 3310 τινας
2070 3240 2306 3316 φίλους

388 3324 720 3415 ὑπάρχειν
753 3325 909 3404 τούς
958 3331 1196 3395 ἕκαστα
1241 3332 1608 3414 πράξοντας
1659 3336 1729 3399 ἐν
1790 3329 1948 3416 ὑμῖν
1979 3327 2160 3414 αὐτῷ
2192 3330 2300 3393 καὶ

389 3426 883 3513 διοικήσοντας,
925 3422 1067 3493 οἷον
1091 3425 1287 3503 αὐτὸς
1311 3431 1425 3511 δή’
1472 3430 1726 3513 κᾶνπερ
1752 3427 1931 3507 αὐτῷ
1955 3432 2150 3492 τοῦτο
2173 3424 2288 3491 ’κα-
2345 3432 2346 3435 ’
2386 3490 2388 3492 ,
