2622 4065
538 313 795 373 ΠΕΡΙ
849 313 1065 371 ΤΗΣ
1117 316 2034 381 ΠΑΡΑΠΡΕΣΒΕΙΑΣ.
2123 321 2248 413 369

331 478 402 540 ἐκ
426 480 769 556 Πειραιῶς,
791 470 1200 558 Ἐπικράτην,
1218 477 1518 540 ἐκπεσεῖν
1540 480 1649 542 καὶ
1664 486 2111 563 κολασθῆναι;
2134 488 2242 553 καὶ

330 571 533 635 πάλιν
556 569 787 653 πρώην
815 571 1302 690 Θρασύβουλον
1328 575 1583 641 ἐκεῖνον
1600 572 1722 642 τὸν
1752 582 2241 666 Θρασυβούλου

329 675 452 734 τοῦ
479 673 841 751 δημοτικοῦ
862 676 984 733 τοῦ
1024 667 1151 735 απὸ
1183 677 1409 755 Φυλῆς
1446 676 1938 758 καταγαγόντος
1970 677 2091 745 τὸν
2119 685 2243 766 δῆ-

327 792 486 849 μον,
534 766 822 832 τάλαντα
849 770 1007 832 δέκα
1047 764 1445 854 ὠφληκέναι,
1473 773 1580 836 και
1606 772 1725 838 τὸν
1750 771 1860 857 ἀφ’
1880 772 2239 859 Ἀρμοδίου

326 866 434 928 καὶ
451 861 1038 948 Ἀριστογείτονος,
1084 874 1218 932 τῶν
1255 891 1334 938 τα
1373 869 1622 951 με”γιστ
1655 869 1879 954 άγαθα
1902 871 2075 958 ὑμας
2098 882 2238 961 είρ-

325 967 691 1046 γασμένων,
720 960 838 1040 οὓς
859 964 1042 1053 νόμῳ
1072 962 1178 1029 δια
1214 990 1330 1042 τας
1366 965 1772 1054 εὐεργεσίας,
1821 969 1896 1050 άς
1931 971 2235 1059 ὑπῆρξαν

328 1063 416 1134 είς
452 1056 657 1144 ὑμᾶς,
701 1063 774 1126 ἐν
810 1061 1015 1127 άπασι
1050 1077 1185 1139 τοις
1222 1068 1479 1180 ίεροῖς’
1447 1069 1549 1131 επὶ
1572 1082 1711 1144 ταις
1734 1076 2002 1148 θυσίαις
2025 1091 2233 1137 σπον-

322 1161 460 1221 δῶν
482 1161 590 1223 καὶ
614 1159 962 1243 κρατήρων
985 1159 1354 1237 κοινωνούς
1378 1170 1746 1247 πεποίησθε
1770 1171 1878 1231 καὶ
1903 1167 2093 1233 άδετε
2125 1172 2235 1234 καὶ

196 1271 299 1324 281
321 1262 541 1335 τιμᾶτε
567 1258 626 1332 ἐξ
655 1265 803 1321 ἴσου
824 1271 959 1333 τοῖς
979 1257 1191 1343 ἥρωσι
1213 1261 1323 1324 καὶ
1357 1274 1492 1337 τοῖς
1526 1272 1744 1344 θεοῖς,
1797 1265 2074 1343 τούτους
2109 1268 2233 1351 μὲν

321 1352 570 1426 πάντας
593 1352 715 1435 τὴν
738 1357 809 1418 ἐκ
828 1361 963 1419 τῶν
987 1354 1217 1437 νόμων
1240 1360 1429 1440 δίκην
1455 1356 1913 1446 ὑπεσχηκέναι,
1939 1367 2044 1429 καὶ
2069 1364 2231 1449 μήτε

321 1450 726 1533 συγγνώμην
750 1449 903 1535 μήτ’
940 1457 1126 1517 ἔλεον
1150 1452 1307 1535 μήτε
1345 1460 1573 1520 παιδια
1596 1457 1940 1523 κλάοντα
1910 1460 2232 1545 ομιύνυμα

318 1571 456 1611 των
492 1545 854 1628 εύεργετων
898 1547 1048 1631 μήτ’
1090 1548 1247 1614 άλλο
1288 1555 1493 1633 μηδεν
1517 1551 1761 1631 αὐτους
1794 1554 2225 1646 ωφεληκέναι,

319 1642 439 1709 τὸν
464 1644 533 1710 δε
560 1642 961 1729 Ἀτρομήτου
985 1655 1109 1711 τοῦ
1141 1660 1639 1730 γραμματιστοῦ
1653 1654 1769 1718 καὶ
1791 1662 2228 1735 Γλαυκοθέας

317 1768 432 1864 της
454 1741 610 1817 τοὺς
632 1743 915 1819 θιάσους
940 1745 1391 1827 συναγούσης,
1431 1743 1525 1828 ἐφ’
1556 1743 1651 1823 οἷς
1687 1749 1870 1832 ἑτέρα
1898 1755 2224 1837 τέθνηκεν

316 1841 548 1920 ιε’ρεια,
576 1846 817 1903 τοῦτον
841 1836 1024 1922 ὑμεῖς
1046 1842 1393 1925 λαβόντες,
1422 1842 1540 1908 τὸν
1562 1853 1700 1910 τῶν
1722 1848 2076 1935 τοιούτων,
2102 1852 2220 1918 τόν

316 1932 472 2000 οὐδε
494 1934 644 2001 καθ’
671 1939 742 2002 ἓν
763 1936 1086 2020 χρήσιμον
1110 1946 1186 2023 τῇ
1215 1941 1434 2022 πόλει,
1475 1939 1599 2007 οὐκ
1637 1942 1875 2029 αὐτὸν,
1913 1947 1994 2013 οὐ
2021 1955 2222 2017 κατέ-

193 2050 292 2104 282
309 2058 417 2155 ρα,
446 2029 569 2097 οῦκ
593 2030 796 2098 άλλον
819 2031 1062 2100 οὐδένα
1085 2063 1218 2102 των
1243 2039 1484 2105 τούτου
1518 2038 1834 2126 άφήσετε;
1884 2062 2069 2125 ποῖος
2091 2075 2218 2133 γαρ

309 2134 527 2211 ἵππος,
552 2137 705 2196 ποιά
728 2131 1015 2216 τριήρης,
1045 2140 1198 2199 ποία
1226 2144 1561 2218 στρατεία,
1586 2146 1683 2215 τίς
1703 2140 1930 2225 χορὸς,
1967 2152 2062 2221 τίς
2084 2155 2220 2212 λει-
2241 2166 2344 2221 432

311 2234 615 2310 τουργία,
656 2234 750 2303 τίς
775 2230 1080 2312 εἰσφορα,
1117 2238 1211 2307 τίς
1236 2231 1497 2316 εὔνοια,
1533 2249 1717 2312 ποῖος
1767 2244 2109 2328 κίνδυνος,
2158 2253 2227 2311 τί

311 2323 566 2389 τούτων
581 2328 653 2390 ἐν
676 2329 870 2392 παντὶ
892 2336 984 2414 τῷ
1006 2329 1221 2415 χρόνῳ
1247 2334 1480 2412 γέγονε
1504 2358 1681 2415 παρα
1708 2336 1964 2403 τούτων
1984 2349 2066 2424 τῇ
2089 2342 2218 2408 πό-

311 2429 440 2486 λει·
425 2470 442 2499 ,
490 2428 701 2488 καίτοι
721 2420 852 2488 κάν
874 2431 934 2489 εί
965 2434 1169 2491 ταῦτα
1195 2428 1391 2494 πάνθ’
1419 2426 1746 2517 ὑπῆρχεν,
1794 2438 2009 2503 ε’κεινα
2034 2440 2103 2507 δὲ
2126 2468 2212 2526 μη

312 2524 589 2601 προσῆν,
630 2524 894 2597 δικαιως
917 2527 1026 2588 και
1051 2540 1290 2605 προῖκα
1315 2535 1904 2618 πεπρεσβευκέναι,
1950 2536 2217 2604 άπολω-

307 2615 491 2680 λέναι
535 2615 750 2697 δήπου
794 2627 1128 2703 προσῆκεν
1174 2622 1371 2709 αὐτῷ.
1442 2632 1501 2690 εί
1534 2626 1604 2692 δε
1637 2629 1796 2712 μήτε
1829 2640 2039 2698 ταῦτα
2071 2634 2232 2719 μήτ”

187 2721 288 2777 283
310 2714 542 2794 ἐκεινα,
569 2711 649 2777 οὐ
671 2717 1155 2800 τιμωρήσεσθε;
1194 2718 1317 2785 οὐκ
1339 2720 1947 2811 ἀναμνησθήσεσθε
1973 2756 2070 2795 ων
2092 2759 2216 2798 κα-

114 2814 116 2816 ’
310 2818 610 2895 τηγορῶν
634 2817 810 2896 ἔλεγε
840 2816 1204 2900 Τιμάρχου,
1246 2817 1330 2896 ὡς
1356 2819 1555 2887 οὐδέν
1579 2822 1710 2888 ἐστ’
1744 2823 1984 2908 ὄφελος
2017 2829 2218 2897 πόλε-

313 2934 399 2983 ως
419 2906 559 2993 ἥτις
580 2910 667 2995 μὴ
692 2920 898 2998 νεῦρα
922 2917 1023 2981 ἐπὶ
1045 2917 1201 2993 τοὺς
1226 2915 1621 2998 ἀδικοῦντας
1640 2927 1797 3006 ἔχει,
1850 2922 2004 2990 οὐδὲ
2026 2936 2218 2994 πολι-

309 3011 481 3080 τείας
506 3011 575 3071 ἐν
598 3011 639 3092 ᾑ
667 3012 1026 3097 συγγνώμη
1064 3017 1172 3081 καὶ
1204 3026 1611 3101 παραγγελία
1642 3028 1775 3084 τῶν
1809 3020 2035 3103 νόμων
2071 3038 2216 3108 μεῖ-

309 3108 420 3181 ζον
443 3106 814 3188 ἰσχύουσιν·
861 3109 1006 3176 οὐδ’
1038 3115 1242 3180 ἐλεεῖν
1279 3112 1451 3199 ὑμας
1486 3116 1637 3182 ούτε
1666 3118 1787 3201 τὴν
1806 3121 2052 3202 μητέρα
2077 3126 2215 3188 δεῖν

306 3200 426 3286 τὴν
458 3203 813 3287 Τιμάρχου,
837 3217 1055 3292 γραῦν
1074 3225 1378 3296 γυναῖκα,
1399 3212 1553 3279 οὔτε
1579 3241 1657 3279 τα
1685 3221 1911 3282 παιδία
1933 3217 2067 3285 ούτ’
2093 3220 2213 3288 ἄλ-

308 3306 427 3365 λον
449 3296 710 3386 ουδένα,
738 3302 871 3369 ἀλλ’
902 3309 1110 3373 ἐκεῖνο
1138 3305 1338 3395 ὁρᾶν,
1365 3309 1467 3377 ὅτι
1492 3318 1551 3378 εί
1571 3314 1951 3400 προήσεσθε
1973 3342 2053 3381 τα
2075 3344 2210 3384 των

307 3398 534 3481 νόμων
555 3403 662 3467 καὶ
690 3409 803 3486 τῆς
827 3413 1180 3491 πολιτείας,
1206 3406 1327 3493 οὐχ
1360 3407 1670 3496 εὑρήσετε
1709 3411 1865 3490 τοῦς
1889 3410 2058 3496 ὑμᾶς
2081 3410 2207 3480 αὐ-

106 3475 107 3478 Ὶ
182 3506 286 3600 284
302 3494 481 3639 voi-si)
501 3498 904 3582 ἐλεήσοντας.
970 3501 1104 3572 ἀλλ’
1152 3502 1185 3572 6
1229 3534 1353 3591 μεν
1397 3518 1804 3595 ταλαιπωρος
1845 3510 2209 3597 ανθρωπος

77 3606 81 3613 ·
122 3605 129 3614 ²
489 3597 870 3654 emosth.V01
900 3599 938 3649 Ι
1856 3607 1925 3658 24
