2622 4065
551 315 801 379 ΠΕΡΙ
851 309 1064 371 ΤΗΣ
1098 296 2020 365 ΠΛΡΑΠΡΕΣΒΕΙΑΣ.
2122 287 2247 349 373

343 477 426 547 οὐ
459 482 781 561 Περίλαος
821 476 1111 553 ἐκρίνετο
1159 471 1431 547 ἔναγχος
1491 461 1563 525 ἐν
1607 453 1951 539 Μεγαροις
1998 455 2067 515 ἐν
2110 461 2246 524 τοῖς

344 580 755 660 τριακοσίοις,
781 571 879 636 ὅτι
901 564 1066 652 πρὸς
1089 571 1418 630 Φίλιππον
1434 557 1729 641 ἀφίκετο,
1755 554 1865 618 καὶ
1887 547 2244 631 παρελθών
2268 564 2370 616 436
2436 569 2440 574 ‘
2463 564 2466 566 ’
2511 557 2542 561 ’

344 672 760 755 Πτοιόδωρος
804 664 1009 732 αὐτὸν
1045 662 1428 748 ἐξῃτήσατο,
1474 656 1583 721 καὶ
1622 650 1889 737 πλούτῳ
1928 648 2037 713 καὶ
2072 649 2248 729 γένει

342 772 452 837 καὶ
487 768 644 854 δόξῃ
679 773 933 848 πρῶτος
972 761 1375 842 Μεγαρέων,
1418 755 1528 819 καὶ
1567 750 1768 816 παλιν
1803 774 1888 824 ως
1912 751 2249 811 Φίλιππον

343 868 674 949 ἐξέπεμψε,
704 865 813 927 καὶ
829 857 987 977 μετὰ
1009 863 1213 923 ταῦτα
1238 853 1271 921 ὁ
1298 852 1416 936 μὲν
1431 843 1654 935 ἧκεν”
1615 874 1795 930 αγων
1818 845 1975 921 τούς
2000 847 2250 925 ξένους,

223 962 372 1028 296
347 990 377 1029 ο
407 962 470 1027 δ’
505 966 702 1027 ἔνδον
738 957 1036 1039 ἐτύρευε;
1082 948 1523 1019 τοιαῦτα.οὐ
1546 947 1672 1032 γὰρ
1698 952 1905 1025 ἔστιν,
1959 940 2082 1007 οὐκ
2107 931 2244 1005 ἔσθ’

349 1060 386 1126 ὅ
411 1086 472 1125 τι
508 1065 642 1124 τῶν
676 1080 945 1121 παντων
980 1059 1233 1136 μᾶλλον
1268 1047 1694 1163 εὐλαβεῖσθαι
1729 1048 1833 1108 δεῖ
1866 1037 1908 1124 ἢ
1944 1037 2015 1104 τὸ
2056 1043 2249 1123 μείζω

346 1183 493 1223 τινα
517 1182 651 1222 των
675 1159 937 1220 πολλων
962 1155 1078 1215 εὀἶν
1097 1155 1462 1232 γίγνεσθαι.
1511 1143 1599 1228 μή
1621 1169 1733 1225 μοι
1755 1140 2066 1217 σωζέσθω
2086 1133 2252 1219 μηδ’

349 1252 759 1319 ἀπολλύσθω
804 1251 1057 1333 μηδεις,
1105 1242 1191 1311 ἄν
1233 1247 1266 1311 ὁ
1315 1249 1496 1309 δεῖνα
1529 1238 1572 1326 ἢ
1610 1239 1641 1306 ὁ
1686 1245 1869 1305 δεῖνα
1906 1235 2248 1322 βούληται,

346 1347 480 1416 ἀλλ’
510 1348 589 1415 ὃν
616 1349 701 1413 ἂν
723 1373 800 1413 τα
829 1347 1248 1429 πεπραγμένα
1275 1343 1446 1427 σώζῃ
1469 1343 1578 1406 καὶ
1599 1339 2011 1416 τούναντίον,
2038 1333 2251 1419 τούτω

349 1456 462 1531 τῆς
486 1444 947 1560 προσηκούσης
989 1444 1220 1526 ψήφου
1245 1438 1391 1523 παρ’
1419 1437 1610 1521 ὑμων
1634 1435 1980 1520 ὑπαρχέτω
2005 1457 2254 1515 τυγχα-

228 1564 330 1618 297
352 1569 522 1661 νειν,·
579 1549 772 1607 τοῦτο
817 1566 944 1625 γαρ
990 1543 1125 1604 ἐστι
1169 1535 1541 1653 δημοτικόν.
1611 1541 1705 1600 ἔτι
1744 1541 1975 1598 τοίνυν
2021 1530 2253 1596 πολλοὶ

350 1638 498 1725 παρ’
524 1637 681 1723 ὑμῖν
708 1640 808 1703 ἐπὶ
833 1664 1082 1721 καιρων
1116 1636 1472 1718 γεγόνασιν
1508 1633 1794 1715 ἰσχυροὶ,
1834 1634 2249 1711 Καλλίστρα

346 1764 489 1818 τος,
556 1729 753 1811 αὖθις
790 1734 1228 1817 Ἀριστοφων,
1273 1730 1691 1814 Διόφαντος,
1750 1727 2007 1793 τούτων
2043 1727 2255 1805 ε’τεροι

348 1833 692 1915 πρότερον.
762 1829 928 1895 ἄλλα
969 1838 1099 1895 ποῦ
1131 1830 1391 1894 τούτων
1423 1829 1692 1902 εκαστος
1728 1823 2136 1908 ἐπρώτευεν;
2182 1822 2254 1885 ἐν

347 1957 437 1996 τω
465 1930 680 2016 δήμω·
728 1931 800 1993 ἐν
825 1928 892 1993 δε
917 1940 1049 2003 τοῖς
1075 1932 1512 2010 δικαστηρίοις
1550 1921 1768 2000 ουδείς
1802 1945 1903 1987 πω
1928 1926 2114 2005 μέχρι
2139 1926 2256 2003 τῆς

346 2029 629 2113 τήμερον
652 2023 896 2111 ἡμέρας
928 2022 1116 2109 ὑμῶν
1141 2022 1297 2091 ουδε
1337 2032 1471 2090 τών
1506 2022 1733 2106 νόμων
1770 2017 1925 2085 οὐδὲ
1964 2044 2099 2083 των
2135 2014 2257 2099 όρ-

342 2152 485 2193 κων
510 2132 824 2208 κρείττων
841 2127 1130 2206 γέγονεν.
1178 2121 1264 2207 μὴ
1288 2130 1520 2188 τοίνυν
1541 2119 1704 2205 μηδὲ
1725 2126 1855 2184 νῦν
1876 2124 2118 2182 τοῦτον
2143 2114 2259 2179 3²02-
2331 2155 2334 2157 -

346 2247 518 2308 σητε.
599 2222 699 2287 ότι
734 2248 860 2304 γαρ
899 2230 1103 2286 ταῦτα
1140 2216 1570 2305 φυλάττοισθ’
1603 2213 1690 2282 ἄν
1714 2214 1978 2291 εἰκότως
1997 2219 2258 2296 μᾶλλον

345 2317 390 2406 ἦ
419 2320 816 2402 πιστεύοιτε,
861 2344 997 2384 των
1018 2326 1205 2385 θεῶν
1229 2320 1386 2401 ὑμιν
1421 2322 1734 2402 μαντείαν
1759 2312 2255 2398 ἀναγνώσομαι,
2280 2300 2282 2302 ’

345 2424 533 2499 οιπερ
572 2416 672 2482 ἀεὶ
710 2417 992 2494 σώζουσι
1030 2417 1151 2500 τὴν
1187 2417 1386 2482 πόλιν
1422 2420 1646 2501 πολλω
1679 2438 1813 2478 των
1848 2407 2260 2495 προεστηκό·

344 2538 477 2578 των
499 2520 769 2596 μᾶλλον.
807 2516 954 2594 λέγε
976 2511 1090 2588 τὰς
1112 2520 1433 2596 μαντείας.

1053 2684 1269 2742 ΜΛΝ
1273 2683 1532 2741 ΤΕΙΑΙ
1529 2727 1541 2740 .

217 2834 327 2888 298
507 2810 847 2894 Ἀκούετε,
890 2804 942 2876 οἶ
978 2810 1212 2894 ἄνδρες
1241 2809 1614 2891 Ἀθηναῖοι,
1666 2813 1801 2870 τών
1825 2810 2008 2869 θεῶν
2035 2800 2076 2867 ὁὶ
2100 2800 2258 2886 ὑμῖν

347 2914 806 2995 προλέγουσιν.
871 2916 929 2975 εί
960 2910 1080 2993 μὲν
1101 2915 1331 2974 τοίνυν
1356 2903 1828 2990 πολεμούντων
1851 2897 2044 2986 ὑμῶν
2066 2898 2253 2964 ταῦτ’

347 3006 751 3093 ἀνῃρήκασι,
809 3008 966 3085 τούς
1013 3003 1417 3091 στρατηγοὺς
1456 3010 1722 3088 λέγουσι
1767 3002 2225 3086 φυλάττεσθαι
2246 3029 2258 3038 ·

348 3107 638 3190 πολέμου
662 3106 787 3189 γάρ
815 3114 980 3172 εἰσιν
1002 3105 1319 3191 ἡγεμόνες
1342 3109 1409 3171 οἱ
1429 3108 1807 3187 στρατηγοί·
1856 3107 1915 3167 εί
1936 3100 2005 3166 δὲ
2029 3122 2264 3164 πεποι-

348 3206 613 3288 ημένων
651 3204 956 3289 εἰρήνην,
1003 3231 1157 3281 τους
1181 3207 1281 3270 ἐπὶ
1306 3212 1420 3288 τῆς
1441 3209 1769 3278 πολιτείας
1793 3197 2259 3285 ἐφεστηκότας·

348 3329 535 3370 ουτοι
565 3330 693 3386 γαρ
714 3302 1053 3388 ἡγοῦνται,
1078 3304 1339 3380 τούτοις
1365 3307 1686 3368 πείθεσθε
1712 3314 1918 3384 υμεις,
1946 3295 2077 3364 ὑπὸ
2103 3296 2264 3361 τού-
2282 3316 2386 3371 437
2441 3339 2461 3348 .

346 3428 480 3468 των
506 3403 650 3479 δέος
674 3404 805 3468 ἐστὶ
831 3399 917 3488 μὴ
946 3410 1525 3488 παρακρουσθῆτε.
1594 3403 1703 3467 καὶ
1727 3399 1848 3484 τὴν
1873 3398 2068 3463 πόλιν
2095 3415 2267 3460 συν-

281 3585 282 3589 ¹
345 3502 517 3584 ἐχειν
542 3503 745 3584 φασὶν
771 3505 843 3568 ἐν
860 3508 940 3587 τῇ
962 3508 1268 3590 μαντεία,
1298 3500 1476 3578 ὅπως
1499 3496 1584 3567 ἂν
1608 3508 1767 3584 μίαν
1789 3497 2066 3581 γνώμην
2100 3500 2267 3579 ἒχω-
