2622 4065
351 338 479 400 330
786 330 931 391 x1x.
1001 325 1238 388 AHM
1258 324 1682 383 οΣοΕΝο
1702 326 1832 384 ΤΣ

354 526 477 586 ρας
494 548 510 580 3
556 494 645 580 ἣν
690 490 1159 575 κεκρατηκέναι
1202 511 1270 549 τε
1305 492 1398 569 τῷ
1437 487 1696 569 πολέμῳ
1736 484 1931 567 φήσει
1964 486 2072 549 καὶ
2106 511 2265 571 χρη-

288 689 290 691 ‚
358 597 559 674 στοὺς
585 600 753 678 ἔχειν
779 611 1213 673 στρατηγους,
1262 582 1531 658 εἰκότως
1553 577 1829 666 χρήματ’
1862 589 2161 664 εἴληφεν·
2213 588 2270 648 εἰ

360 694 423 762 δ’
455 698 527 761 ἐκ
554 717 791 773 ταυτης
816 686 1016 770 αὐτῆς
1032 736 1047 767 ,
1084 691 1262 758 τίνος
1287 678 1458 746 ἕνεκ’
1492 678 1597 763 ἐφ’
1628 688 1722 755 οἱς
1744 677 1784 763 ἡ
1811 682 2118 764 πέμψασα
2142 681 2269 745 πό-

360 803 460 870 λις
481 799 615 858 τῶν
641 787 842 872 αὐτῆς
868 785 1134 866 ἀπέστη,
1161 783 1263 847 ἐπὶ
1287 779 1544 854 τούτοις
1569 804 1763 854 ουτος
1788 775 2036 859 δωρεάς
2060 798 2269 861 προσ-

361 889 586 976 λαβών
611 893 951 972 φαίνεται;
975 890 1111 949 τῶν
1133 879 1259 964 γαρ
1288 879 1509 943 αὐτῶν
1535 882 1661 942 ἔδει
1684 876 1805 960 τήν
1828 902 1896 941 τε
1916 879 2269 960 πέμψασαν
2286 894 2390 949 387

360 989 557 1056 πόλιν
579 986 935 1070 τυγχάνειν
961 977 1245 1055 καὶτοὺς
1270 982 1338 1042 ἐκ
1362 977 1601 1060 ταύτης
1624 979 1924 1058 πρέσβεις
1940 1025 1956 1056 ,
2004 984 2185 1056 εἰπερ
2208 998 2270 1037 τι

237 1109 343 1165 148
361 1113 502 1207 τςων
534 1090 808 1150 δικαίων
846 1085 1154 1163 ἐγίγνετο.
1226 1083 1317 1141 ἔτι
1350 1086 1578 1139 τοίνυν
1616 1071 1881 1137 κακεῖνο
1909 1074 2268 1154 σκέψασθε,

364 1190 415 1250 ὠ
456 1185 695 1268 α’νδρες
732 1184 1044 1246 δικασταί.
1114 1171 1338 1256 πάτερ
1372 1183 1596 1237 οἴεσθε
1619 1172 1818 1235 πλέον
1844 1173 2110 1244 Φωκέας
2137 1175 2273 1290 Θη-

361 1276 652 1370 βαίωνῆ
661 1286 993 1344 Φίλιππον
1031 1272 1217 1357 ὑμων
1246 1286 1508 1352 κρατεῖν
1531 1276 1621 1356 τῷ
1658 1271 1948 1353 πολέμω;
1993 1265 2116 1349 ἐγω
2156 1266 2275 1348 μὲν

363 1380 493 1464 γὰρ
520 1382 595 1444 εὐ
620 1374 741 1442 οἶδ’
784 1375 884 1441 ο’τι
909 1381 1157 1446 Φωκεῖς
1184 1375 1510 1452 Θηβαιᾞων
1582 1364 1756 1448 εἶχόν
1791 1390 1865 1446 γε
1881 1359 2277 1446 Ὀρχομενὸν

367 1479 479 1542 καὶ
501 1473 892 1559 Κορώνειαν
915 1472 1023 1535 καὶ
1047 1469 1118 1533 τὸ
1153 1476 1614 1548 Τιλφωσσαῖον
1631 1514 1647 1547 ,
1682 1466 1789 1527 καὶ
1811 1462 1966 1537 τοὺς
1990 1465 2060 1526 ἐν
2085 1461 2278 1524 Νέω-

370 1595 480 1640 σιν
506 1571 958 1655 απειλήφεσαν
981 1564 1234 1645 αὐτῶν,
1280 1568 1388 1627 καὶ
1425 1560 1872 1646 εβδομήκοντα
1907 1585 2013 1622 και
2054 1560 2279 1620 διακο-

370 1678 558 1747 σίους
583 1666 1032 1734 απεκτόνεσαν
1054 1664 1155 1726 ἐπὶ
1178 1669 1270 1724 τεό
1285 1660 1602 1744 Ηδυλείςο
1621 1709 1636 1738 ,
1685 1658 1792 1722 καὶ
1828 1656 2148 1737 τρόπαιον
2186 1657 2279 1718 εί·-

371 1768 628 1853 στήκει,
666 1766 776 1829 καὶ
799 1760 1285 1843 ἰπποκρατουν,
1326 1760 1433 1821 και
1456 1764 1682 1820 κακῶν
1700 1753 1886 1829 Ἰλιας
1912 1750 2282 1833 περιειστή-

244 1885 350 1938 149
375 1894 477 1934 κει
503 1870 851 1950 Θηβαίους.
909 1858 1067 1942 ὑμῖν
1093 1858 1163 1922 δὲ
1185 1864 1445 1920 τοιοῦτο
1472 1880 1591 1937 μεν
1618 1851 1816 1918 οὐδὲν
1840 1848 1988 1915 οὔτ’
2012 1852 2098 1932 ην
2121 1846 2279 1931 μήτε

371 1972 631 2051 γένοιτο
677 1968 799 2026 τοῦ
845 1965 1116 2039 λοιποῦ,
1160 1961 1356 2019 τοῦτο
1404 1950 1468 2016 δ’
1512 1956 1597 2035 ήν
1633 1950 1702 2014 τὸ
1745 1947 2126 2013 δεινότατον
2158 1950 2282 2008 τοῦ

373 2088 544 2147 προς
569 2068 900 2127 Φίλιππον
925 2059 1215 2138 πολέμου
1235 2096 1253 2130 ,
1297 2050 1419 2117 οὐκ
1446 2051 1774 2115 ἐδύνασθε
1816 2070 2034 2120 κακως
2086 2038 2279 2127 ἡλικα

372 2161 738 2247 ἐβούλεσθε
801 2168 1016 2219 ποιεῖν
1067 2155 1342 2217 ἐκεῖνον.
1408 2174 1527 2213 του
1567 2147 1634 2212 δὲ
1668 2143 1752 2229 μὴ
1794 2165 2067 2225 πασχειν
2093 2138 2279 2203 αὐτοὶ

374 2268 598 2325 πασαν
625 2257 855 2322 αδειαν
876 2254 1084 2337 ἤγετε.
1158 2256 1223 2314 τί
1242 2245 1386 2313 ποτ’
1419 2240 1543 2311 οὖν
1566 2249 1634 2309 ἐκ
1658 2251 1771 2326 τῆς
1794 2241 1994 2323 αὐτῆς
2020 2232 2281 2320 εἰρήνης

373 2371 511 2433 τοῖς
545 2356 665 2439 μὲν
692 2358 1035 2435 Θηβαιοις,
1079 2362 1214 2421 τοῖς
1247 2352 1528 2409 τοσοῦτο
1554 2343 2022 2425 κρατουμένοις
2046 2343 2136 2419 τῷ
2158 2358 2284 2396 πο-

373 2458 584 2541 λέμω,
631 2455 742 2517 καὶ
778 2477 857 2515 τα
897 2451 1151 2513 ἑαυτῶν
1186 2450 1588 2525 κομισασθαι
1622 2440 1729 2503 καὶ
1763 2463 1840 2500 τα
1864 2461 1998 2499 των
2024 2436 2283 2553 ἐχθρῶν

373 2557 779 2638 προσλαβεῖν
812 2549 1076 2628 γέγονε,
1125 2557 1256 2615 τοῖς
1281 2538 1340 2603 δ’
1364 2537 1739 2621 Ἀθηναίοις
1762 2532 1954 2615 ὑμῖν,
2000 2532 2107 2594 καὶ
2131 2555 2170 2591 α
2191 2533 2290 2611 τῷ

292 2719 301 2723 ,
376 2653 643 2741 πολε-’μω
684 2645 1055 2725 διεσώζετο,
1103 2637 1293 2704 ταῦτ’
1323 2639 1425 2702 επι
1447 2663 1561 2718 της
1587 2633 1846 2716 εἰρήνης
1871 2627 2280 2693 ἀπολωλεκέ-

375 2777 521 2828 ναι;
568 2747 669 2814 ὅτι
691 2742 1015 2811 τακείνων
1039 2739 1157 2823 μὲν
1183 2735 1305 2802 οὐκ
1334 2731 1639 2799 απέδοντ’
1670 2735 1734 2795 οἰ
1756 2734 2056 2811 πρέσβεις
2075 2774 2089 2803 ,
2114 2749 2192 2785 τα
2221 2718 2279 2784 δ’

376 2846 663 2931 υμέτερα
700 2834 883 2907 οὗτοι
922 2857 1354 2918 πεπρακασιν.
1424 2831 1522 2896 ὅτι
1556 2856 1682 2911 γαρ
1719 2823 1923 2891 ταῦθ’
1966 2822 2138 2887 οὕτω
2173 2820 2289 2882 πέ-

378 2968 700 3028 πρακται,
727 2941 889 3005 καὶ’
859 2965 928 3003 εκ
952 2962 1088 3000 των
1110 2937 1468 2997 ἐπιλοίπων
1491 2934 1581 2991 ἔτι
1606 2933 1858 3008 μᾶλλον
1884 2927 2158 2985 εἴσεσθε.

252 3071 361 3123 150
542 3037 801 3121 Ἐπειδὴ
835 3060 964 3154 γαρ
999 3060 1039 3116 η
1072 3035 1193 3115 μὲν
1230 3026 1455 3110 εἰρήνη
1492 3028 1672 3097 τέλος
1709 3029 1874 3102 εῖχεν
1911 3016 2072 3099 αὕτη
2097 3012 2136 3098 ἡ
2163 3039 2282 3077 του

385 3139 873 3220 Φιλοκρατους,
910 3136 951 3220 ᾑ
978 3144 1289 3195 συνεῖπεν
1315 3151 1542 3204 ουτος,
1581 3149 1639 3186 οι
1628 3121 1734 3185 δὲ
1758 3120 2057 3206 πρέσβεις
2081 3111 2296 3197 απῄρ-

343 3257 594 3306 .κεσαν
616 3241 682 3301 οι
699 3261 819 3299 του
796 3238 1168 3297 Φιλίππου
1190 3225 1505 3309 λαβόντες
1526 3247 1680 3295 τους
1702 3218 1941 3298 ὅρκους
1959 3213 2296 3294 (καὶμέχρι
2315 3216 2424 3270 388

385 3337 635 3405 τούτου
658 3358 732 3417 γε
757 3329 955 3396 ουδὲ-ν
979 3324 1343 3409 ανήκεστον
1366 3349 1450 3405 ην
1473 3327 1608 3385 τῶν
1632 3316 2130 3396 πεπραγμένων,
2157 3301 2290 3369 αλλ’

389 3431 623 3519 αἰσχρα
662 3429 783 3515 μὲν
817 3455 857 3545 η
896 3424 1121 3541 εἰρήνη
1156 3423 1263 3485 καὶ
1300 3417 1530 3495 αναξιά
1566 3424 1680 3498 τῆς
1715 3412 1997 3486 πόλεως,
2049 3403 2191 3482 αντὶ
2230 3401 2298 3466 δὲ

386 3535 654 3602 τούτων
678 3527 757 3614 δὴ
783 3554 861 3592 τα
885 3521 1230 3605 θαυμασια
1254 3515 1478 3601 ἆγαθα
1500 3515 1654 3598 ημῖν
1680 3504 1946 3593 ἔμελλεν
1981 3506 2295 3578 ἔσεσθαι),
