2622 4065
717 309 969 369 ΠΕΡΙ
1034 307 1235 366 ΤΟΥ
1291 303 1892 364 ΣΤΕΦΑΝΟΤ.
2137 297 2263 359 197

346 470 491 540 κατ’
523 474 684 555 ἐμοῦ
701 521 718 553 ,
756 470 862 534 καὶ
886 464 1166 550 ὁπηνίκα
1191 467 1496 548 ἐφαίνετο
1519 471 1726 529 ταῦτα
1751 458 2123 545 πεποιηκώς
2145 462 2254 527 καὶ
2271 459 2387 529 230
2432 487 2434 489 ’

346 578 587 637 τοῦτον
609 566 728 634 τὸν
751 566 1003 652 τρόπον
1026 567 1420 649 κεχρημένος
1444 577 1580 639 τοϊς
1602 558 1768 646 πρὸς
1803 562 1946 645 ἐμὲ,
1995 557 2255 644 ὡμολο-

262 669 327 720 15
346 664 506 751 γεῖτ’
536 663 682 749 ἀνὴ
710 669 1062 746 κατηγορία
1086 676 1219 737 τοῖς
1245 667 1461 746 ἔργοις
1487 657 1713 724 αὐτοῦ.
1761 666 1895 724 νῦν
1918 654 1979 723 δ’
2020 653 2254 733 ἐκστὰς

223 772 225 774 ’
344 771 461 848 τῆς
485 763 693 846 ὀρθῆς
717 764 824 828 καὶ
849 766 1100 836 δικαίας
1125 757 1290 825 ὁδοῦ
1313 760 1422 824 καὶ
1448 755 1683 841 φυγῶν
1708 754 1867 834 τοῦς
1890 752 2047 841 παρ’
2081 752 2251 820 αὐτοὶ

344 859 424 927 τοὶ
449 860 796 944 πράγματα
821 861 1155 942 ἐλέγχους,
1184 857 1525 937 τοσρρζτοις
1549 854 1832 941 ’ὕστερον
1852 856 2119 941 χρόνοις
2146 860 2249 919 αἰ-

343 968 483 1035 τίας
505 961 612 1024 καὶ
639 958 992 1040 σκώμματα
1016 957 1124 1020 καὶ
1145 959 1476 1037 λοιδορίας
1498 953 1933 1039 συμφορήσας
1967 954 2251 1036 ὑποκρί-

342 1080 555 1122 νεται·
603 1054 735 1120 εἶτα
760 1066 1110 1136 κατηγορεῖ
1130 1051 1253 1136 μὲν
1274 1055 1469 1137 ἐμοῦ,
1493 1053 1799 1135 κρίνειδὲ
1819 1053 2082 1117 τουτονὶ
2097 1101 2113 1133 ,
2139 1050 2249 1115 καὶ

341 1145 465 1217 τοῦ
489 1152 610 1234 μὲν
635 1151 890 1233 ἀγῶνος
914 1150 1076 1217 ὅλου
1100 1148 1221 1233 τὴν
1245 1147 1412 1233 πρὸς
1436 1151 1544 1233 ἐμὲ
1567 1154 1817 1274 ἔχθραν
1840 1154 2247 1270 προΐσταται,

346 1246 650 1332 οὐδαμοῦ
675 1246 738 1313 δ’
764 1249 867 1313 ε’πὶ
889 1247 1138 1330 ταύτην
1159 1245 1551 1331 ἀπηντηκως
1575 1249 1716 1330 ἐμοὶ
1740 1245 1863 1334 τῂν
1886 1247 2113 1326 ἑτέρου
2137 1250 2248 1327 ζη-

258 1361 326 1413 16
345 1355 480 1411 τῶν
503 1349 830 1428 ἐπιτιμίαν
852 1343 1220 1427 ἀφελέσθαι
1243 1349 1562 1426 φαίνεται.
1631 1348 1842 1408 καίτοι
1875 1340 2039 1423 πρὸς
2073 1340 2251 1405 ἀπα-

343 1463 489 1528 σιν,
537 1470 586 1507 ω
624 1442 860 1525 ἀνδρες
878 1442 1250 1526 Ἀθηναῖοι,
1296 1456 1430 1517 τοις
1465 1440 1685 1516 άλλοις
1720 1445 1993 1515 δικαίοις
2029 1434 2125 1514 οἷς
2163 1464 2249 1501 αν

341 1547 546 1607 εἰπεῖν
568 1568 666 1618 τις
687 1540 854 1624 ὑπὲρ
879 1545 1409 1625 Κτησιφῶντος”
1374 1565 1523 1623 εχοι,
1547 1539 1655 1604 καὶ
1683 1534 1863 1603 τοῦτ’
1892 1542 2109 1620 ἔμοιγε
2132 1539 2250 1600 δο-

340 1652 447 1703 κεῖ
474 1640 583 1703 καὶ
618 1637 776 1722 μάλ’
819 1637 1082 1714 εἰκότως
1117 1636 1202 1703 ἀν
1236 1638 1480 1719 λέγειν,
1531 1634 1631 1702 ὅτι
1666 1641 1780 1720 τῆς
1803 1632 2118 1718 ἡμετέρας
2140 1639 2248 1717 ἔχ-

337 1744 512 1818 θρας
535 1732 705 1819 ἡμᾶς
729 1733 836 1820 ἐφ’
862 1734 1052 1820 ἡμῶν
1074 1733 1295 1800 αὐτῶν
1320 1740 1577 1800 δίκαιον
1612 1726 1700 1818 ἦν
1735 1732 1854 1799 τὸν
1893 1732 2247 1816 ἐξετασμὸν

340 1842 677 1897 ποιεῖσθαι
693 1884 711 1917 ,
758 1830 838 1897 οὐ
875 1832 946 1897 τὸ
974 1837 1096 1916 μὲν
1117 1834 1280 1912 πρὸς
1305 1830 1631 1951 ἀλλήλους
1655 1830 2093 1915 ἀγωνίζεσθαι
2116 1854 2247 1894 πα·-

75 2001 100 2007 ‚¹
137 2008 139 2016 y
341 1936 706 2014 ραλείπειν,
760 1932 954 2019 §Q
1002 1929 1060 1995 δ’
1113 1929 1242 2020 ότςο
1286 1931 1498 1997 κακόν
1539 1957 1599 1995 τι
1643 1928 1946 2014 δώσομεν
2002 1935 2212 2013 ζητεῖν
2231 1954 2243 1964 ·

73 2051 75 2053 ’
133 2024 143 2130 ¹¹3
332 2023 674 2131 υπερβολὴ
697 2055 824 2110 γαρ
853 2027 1104 2105 ἀδικίας
1127 2028 1328 2095 τοῦτό
1350 2056 1440 2112 γε.

184 2134 188 2138 “
252 2143 318 2195 17
348 2133 355 2142 ”
504 2124 736 2189 Πάντα
776 2152 898 2208 μεν
944 2132 1174 2191 τοίνυν
1219 2128 1299 2191 τά
1344 2132 1841 2249 κατηγορημένα
1886 2127 2129 2212 ὁμοίως
2171 2129 2244 2191 ἐκ

336 2220 593 2286 τούτων
620 2221 702 2287 ἄν
723 2249 818 2298 τις
844 2228 970 2288 ἴδοι
996 2221 1148 2288 οῦτε
1180 2229 1443 2301 δικαίως
1465 2222 1606 2289 οὔτ’
1636 2222 1738 2290 ἐπ’
1769 2223 2084 2308 ἀληθείας
2119 2221 2243 2289 οὐ·-

339 2323 564 2403 δεμιᾶς
612 2323 916 2403 εἰρημένα
936 2345 948 2357 ·
993 2320 1321 2403 βούλομαι
1363 2321 1435 2385 δὲ
1475 2323 1584 2385 καὶ
1628 2320 1787 2387 καθ’
1844 2326 1917 2386 ἓν
1964 2324 2245 2386 ἕκαστον

337 2415 561 2482 αὐτῶν
607 2419 931 2501 ἐξετάσαι,
977 2421 1085 2484 καὶ
1130 2416 1407 2502 μάλισθ’
1462 2416 1586 2484 ὅσα
1623 2416 1790 2535 ὑπὲρ
1828 2425 1942 2502 τῆς
1981 2420 2246 2502 εἰρήνης

338 2515 449 2579 καὶ
485 2523 599 2596 τῆς
640 2522 986 2598 πρεσβείας
1021 2514 1471 2593 κατεψεύσατό
1494 2542 1655 2601 μου,
1701 2544 1781 2581 τα
1810 2520 2243 2600 πεπραγμένα

338 2611 556 2695 ἑαυτῷ
577 2635 737 2693 μετα
764 2613 1215 2694 Φιλοκράτους
1238 2611 1575 2689 ἀνατιθεὶς
1599 2616 1755 2697 ἐμοί.
1795 2621 1930 2680 ἔστι
1952 2614 2071 2680 δ”
2037 2642 2249 2699 αναγ-

340 2723 566 2792 καῖον,
619 2713 668 2773 ὠ
719 2708 959 2792 ἀνδρες
986 2706 1359 2829 Ἀθηναιοι,
1405 2713 1513 2775 καὶ
1547 2720 1888 2796 προσῆκον
1915 2722 2104 2795 ἴσως,
2154 2710 2245 2789 ὡς

339 2803 489 2869 κατ’
519 2808 809 2881 ἐκείνους
830 2804 985 2883 τοὺς
1007 2808 1291 2890 χρόνους
1320 2806 1444 2890 εἶχε
1462 2834 1541 2873 τα
1568 2809 1918 2893 πράγματα
1943 2808 2215 2893 ἀναμνῆ-

341 2923 450 2965 σαι
498 2902 699 2986 ὑμᾶς,
766 2908 875 2968 ἵνα
923 2904 1086 2985 πρὸς
1130 2903 1249 2971 τὸν
1292 2904 1674 2990 ὑπάρχοντα
1722 2904 1959 2989 καιρὸν
2003 2908 2245 2973 ἕκαστα

339 3009 656 3083 θεωρῆτε.

253 3110 320 3164 18
517 3106 651 3162 Τοῦ
677 3101 801 3182 γὰρ
832 3108 1141 3167 Φωκικοῦ
1167 3103 1531 3178 συστάντος
1553 3104 1878 3186 πολέμου,
1905 3099 1986 3167 οὐ
2015 3101 2104 3167 δι’
2137 3105 2247 3185 ἐμὲ

345 3189 456 3271 (οὐ
493 3191 619 3278 γὰρ
656 3199 859 3277 ἔγωγε
894 3199 1369 3282 ἐπολιτευόμην
1408 3221 1508 3263 πω
1554 3198 1761 3281 τότε),
1809 3207 2077 3284 πρῶτον
2124 3202 2247 3285 μὲν

340 3287 525 3372 ὑμεῖς
573 3287 745 3354 οὕτω
792 3294 1118 3359 διέκεισθε
1178 3295 1345 3361 ὥστε
1390 3303 1662 3374 Φωκέας
1705 3298 1828 3382 μὲν
1873 3298 2245 3383 βούλεσθαι

341 3395 676 3472 σωθῆναι,
720 3395 949 3472 καίπερ
989 3390 1070 3456 οὐ
1113 3397 1335 3459 δίκαια
1357 3403 1713 3471 ποιοῦντας
1739 3393 2055 3481 ὁρῶντες,
2105 3387 2373 3479 &oq-231

337 3491 549 3564 βαίοις
577 3486 635 3551 δ’
667 3483 892 3553 ὁτιοῦν
916 3483 1001 3553 ἀν
1024 3493 1405 3587 §Qu
1428 3501 1797 3576 παθοῦσιν,
1839 3490 1962 3557 οὐκ
1985 3490 2251 3580 ἀλόγως
