2622 4065
533 342 792 401 ΠΕΡΙ
833 344 1048 405 ΤΗΣ
1082 322 2072 425 ΠΑΡΑΠΡΕΣΒΕΙΑΣ
2110 367 2238 430 353

316 525 560 577 ναντας
584 501 874 588 ἕαυτους,
901 502 1024 588 τὴν
1047 505 1261 591 πόλιν,
1287 508 1445 587 τούς
1472 514 1727 580 ἑαυτῶν
1750 526 2019 605 παῖδας,
2046 524 2236 610 ἀφεῖ-

316 614 444 662 σαν
466 600 574 664 καὶ
597 607 764 665 νοῦν
788 606 956 685 ἔχειν
977 630 1266 687 ηγουντο
1292 613 1401 674 καὶ
1423 609 1546 693 τήν
1569 615 1766 681 πόλιν
1782 618 2234 691 εὐθενεῖσθαι.

313 695 431 761 τὸν
457 699 524 762 δὲ
548 724 1046 784 κατηγορουντα
1081 710 1171 782 τί;
1216 709 1823 799 ἐμβεβροντῆσθαι,
1869 718 1997 804 τήν
2029 724 2235 790 πόλιν

156 786 158 789 ’
189 809 291 862 232
314 791 610 879 ἀγνοεῖν,
659 797 782 863 ούκ
820 804 988 882 ἔχειν
1025 800 1176 869 όποι
1210 830 1289 869 τα
1328 807 1568 874 ἑαυτοῦ
1592 815 1801 899 ῥίπτῃ.
1867 821 1977 883 καὶ
1998 826 2225 904 τίς,ω

312 890 548 1009 ἄνδρες
578 892 945 981 Ἀθηναῖοι,
989 899 1170 964 τοῦτ
1202 900 1366 967 ίδων
1402 907 1473 970 τὸ
1513 911 1925 997 παραδειγμα
1963 921 2223 985 δίκαιον

311 986 517 1057 αὑτὸν
541 1010 898 1080 παρασχεῖν
922 999 1260 1083 ἐθελήσεις
1308 1009 1404 1078 τίς
1429 1019 1668 1086 προῖκα
1692 1014 2121 1100 πρεσβεύειν,
2165 1024 2226 1084 εἰ

308 1088 469 1172 μήτε
493 1098 721 1215 λαβεῖν
756 1094 916 1178 μήτε
943 1104 1078 1161 τῶν
1101 1100 1469 1218 εἰληφότων
1509 1103 2046 1196 ἀξιοπιστότερον
2069 1114 2215 1198 παρ’

306 1183 464 1270 ὑμῖν
512 1187 677 1255 εἶναι
724 1195 942 1257 δοκεῖν
985 1192 1291 1279 ὑπαρξει·
1276 1248 1291 1276 ,
1360 1198 1525 1265 ω’στε
1583 1203 1664 1267 ού
1707 1206 1917 1288 μόνον
1961 1219 2220 1294 κρίνετε

304 1285 584 1364 τούτους
627 1289 943 1375 τήμερον,
1005 1290 1117 1374 ου’,
1178 1294 1343 1362 αλλα
1394 1303 1501 1364 καὶ
1544 1302 1757 1386 νόμον
1801 1314 2080 1375 τίθεσθε
2127 1319 2218 1389 εἰς

304 1380 564 1451 ἅπαντα
578 1387 696 1454 τὸν
716 1416 874 1473 μετα
890 1398 1093 1456 ταῦτα
1110 1393 1378 1478 χρόνον,
1397 1398 1681 1482 πότερον
1695 1428 2047 1486 χρηματων
2070 1416 2217 1474 αἰσι-

301 1506 472 1564 χρως
495 1482 662 1568 ὑπερ
686 1494 820 1552 τῶν
867 1492 1127 1571 ἐχθρῶν
1168 1495 1615 1576 πρεσβεύειν
1588 1497 1882 1578 α’παντας
1896 1507 2216 1589 προσήκει

178 1574 342 1662 23ῧῆ
367 1595 604 1664 προῖκα
630 1581 794 1666 ὑπὲρ
829 1583 1020 1668 ὑμων
1042 1616 1120 1652 τα
1141 1594 1442 1673 βέλτιστα
1467 1594 2002 1683 αδωροδοκήτως
2042 1601 2209 1670 αλλα

298 1679 432 1764 μὴν
466 1686 612 1767 περι
647 1712 769 1768 μεν
802 1694 937 1751 ταῖν
972 1686 1194 1753 αλλων
1230 1689 1506 1768 οὐδενὸς
1529 1702 1931 1774 προσδεῖσθε
1953 1700 2210 1786 μαρτυ-

298 1802 439 1856 ρος
487 1806 573 1855 ως
598 1781 667 1846 δὲ
689 1782 806 1848 τὸν
826 1782 978 1848 υιόν
1003 1787 1341 1865 ἔπεμψεν“
1311 1814 1344 1852 ο
1371 1793 1679 1874 Φρύνων,
1706 1792 1892 1860 καλει
1911 1822 2022 1880 μοι
2044 1800 2207 1865 τού-

292 1899 427 1939 των
455 1873 610 1953 τοὺς
634 1904 987 1963 μαρτυρας.

994 2030 1492 2093 ΜΑΡΤΤΡΕΣ.

375 2195 379 2198 >
466 2170 721 2226 Τοῦτον
744 2189 864 2244 μεν
885 2172 1119 2230 τοίνυν
1143 2167 1265 2233 οὐκ
1295 2177 1555 2254 εκρινεν
1578 2182 1979 2266 Αἰσχίνης,
1954 2182 2052 2248 ότι
2076 2185 2196 2252 τὸν

290 2256 499 2323 αὑτοῦ
522 2262 721 2322 παῖδα
748 2259 850 2325 ἐπ’
891 2266 1170 2351 αἰσχύνῃ
1206 2268 1371 2349 πρὸς
1397 2276 1727 2339 Φίλιππον
1763 2281 2071 2363 ἔπεμψεν.
2139 2291 2200 2350 εί

286 2359 362 2420 δέ
393 2381 488 2431 τις
535 2355 629 2420 ὠν
673 2355 767 2439 ἐφ’
797 2355 1051 2443 ἡλικίας
1097 2367 1325 2449 ἑτέρου
1369 2376 1648 2452 βελτίων
1685 2373 1808 2459 τὴν
1833 2380 2050 2463 ἰδέαν,
2101 2383 2190 2465 μὴ

215 2482 218 2483 ’
282 2453 719 2535 προϊδόμενος
741 2455 863 2538 τὴν
888 2461 1008 2535 ἐξ’
975 2469 1228 2581 εκείνης
1249 2492 1363 2549 της
1380 2466 1591 2546 ὅψεως
1609 2468 1970 2559 ὑποψίαν,
1944 2483 2192 2564 ιταμω-

278 2573 470 2632 τερον
493 2577 582 2614 τω
607 2577 765 2633 μετα
790 2562 996 2620 ταῦτα
1021 2561 1337 2642 ἐχρήσατο
1365 2571 1512 2650 βίω,
1546 2576 1791 2635 τοῦτον
1821 2600 1910 2649 ως
1934 2599 2189 2659 πεπορ-
2210 2587 2312 2639 414

277 2671 350 2710 νε
323 2650 600 2729 υμένον
624 2651 942 2733 κέκρικεν.

84 2795 87 2797 .
124 2779 131 2784 .,
155 2760 259 2814 3234
449 2747 618 2830 Φέρε
656 2746 733 2831 δὴ
775 2754 921 2832 περὶ
955 2761 1068 2836 τῆς
1106 2757 1454 2837 ἑστιασεως
1479 2766 1587 2831 καὶ
1613 2772 1737 2831 τοῦ
1769 2778 2189 2857 ψηφίσματος

278 2853 468 2909 εἰπω·
517 2855 760 2930 μικροῦ
781 2875 888 2932 γε,
931 2847 969 2915 ὁὶ
995 2853 1276 2936 μαλιστα
1311 2857 1380 2941 μ’
1411 2864 1542 2925 ἔδει
1567 2862 1733 2946 πρὸς
1757 2864 1929 2951 ὑμᾶς
1953 2877 2184 2959 εἰπεῖν,

277 2950 649 3026 παρῆλθον.
704 2953 819 3030 τῆς
856 2948 1116 3035 πρώτης
1152 2957 1403 3041 ἐκείνης
1440 2969 1786 3045 πρεσβείας
1806 2968 2089 3051 γράφων
2110 2973 2184 3038 τὸ

274 3040 800 3124 προβούλευμα’
768 3071 892 3127 εγω
918 3051 1025 3113 καὶ
1051 3050 1252 3116 παλιν
1276 3057 1349 3119 ἐν
1374 3082 1462 3120 τω
1489 3057 1731 3145 δήμω
1698 3087 1767 3125 εν
1793 3078 1929 3139 ταῖς
1950 3070 2188 3153 εκκλη-

280 3145 480 3221 σίαις,
531 3142 602 3202 ἐν
640 3138 740 3217 αἷς
777 3146 1072 3225 ἐμέλλετε
1106 3152 1556 3232 βουλεύεσθαι
1579 3162 1725 3275 περι
1761 3168 1875 3245 τῆς
1898 3164 2183 3252 εἰρήνης,

276 3234 551 3314 οὐδενὸς
575 3235 728 3304 ούτε
748 3241 955 3325 λόγου
992 3269 1092 3310 πω
1122 3247 1299 3329 παρὰ
1327 3252 1585 3319 τούτων
1610 3253 1753 3321 οὔτ’
1782 3255 2185 3348 ἀδικήματος

276 3335 466 3414 ὄντος
492 3347 819 3424 φανεροῦ,
859 3341 931 3406 τὸ
973 3344 1256 3428 νόμιμον
1282 3353 1440 3426 ε’θος
1462 3375 1705 3438 ποιων,
1745 3361 1852 3423 και
1892 3362 2180 3447 ἐπῄνεσα
2237 3361 2241 3366 “

150 3447 251 3500 ‘235
273 3435 551 3513 τούτους
575 3441 682 3502 καὶ
709 3445 796 3515 είς
820 3459 1219 3523 πρυτανεῖον
1258 3446 1551 3517 ἐκάλεσα.
1619 3456 1726 3519 καὶ
1761 3453 1842 3541 νὴ
1868 3456 1984 3522 Δί
2011 3465 2181 3544 ἔγω-

269 3558 343 3617 γε
371 3536 479 3600 καὶ
502 3535 657 3613 τοὺς
682 3539 856 3620 παρα
881 3548 1005 3608 τοῦ
1028 3550 1364 3612 Φιλίππου
1403 3553 1705 3637 πρέσβεις
1739 3557 1993 3631 ἐξένισα
2011 3610 2030 3644 ,
2068 3563 2179 3630 καὶ

350 3630 623 3684 Demosth.
677 3634 872 3693 V01.1
1820 3654 1891 3709 23
