2622 4065
411 297 534 356 286
847 305 983 359 XIX.
1050 304 1882 371 ΛΗΜΟΣΘΕΝΟΤΣ

400 455 738 523 Ολυνθίων
770 458 1148 565 Ἀμφίπολιν,
1200 468 1381 527 οὖσαν
1419 496 1610 569 κτημα
1645 498 1745 552 της
1792 472 2038 550 πόλεως·
2088 482 2188 541 καὶ
2231 471 2309 565 ἦν

406 540 513 607 ὑπ’
535 539 867 618 Ὀλυνθίοις
894 541 1040 607 καθ’
1070 573 1137 609 ον
1160 546 1369 631 καιρὸν
1406 548 1733 633 ἀπέστησαν
1768 559 1867 617 καὶ
1904 564 1964 619 οί
1981 559 2304 659 σύμμαχοι.

407 647 768 709 συνειστηκει
803 631 864 690 δὲ
888 633 986 690 καὶ
1024 631 1106 692 ἕετ
1083 658 1208 714 ρος
1238 640 1507 697 Φωκεῦσι
1544 635 1688 719 πρὸς
1718 637 2032 715 Θετταλους
2057 649 2155 706 καὶ
2185 653 2303 748 Θη-

405 719 607 793 βαίους
621 759 637 790 ,
665 720 832 774 τοῦτο
854 714 958 790 μὲν
981 717 1111 796 περὶ
1133 723 1236 778 τοῦ
1261 722 1416 799 ἱεροῦ
1438 727 1541 780 τοῦ
1564 728 1782 783 Πυθοῖ
1792 720 1934 824 πρὸς
1965 725 2300 826 Θετταλοὺς,

403 803 572 857 τοῦτο
611 796 673 856 δὲ
704 791 882 878 υπὲρ
885 803 1220 896 Ορχομενοῦ
1254 804 1354 862 καὶ
1365 809 1704 909 Κορωνείας
1740 803 1884 887 πρὸς
1919 834 2051 882 τους
2081 817 2300 915 Θηβαί-

401 904 528 951 ους·
573 877 819 957 εὔδηλον
844 906 955 962 γαρ
985 884 1047 942 ἐκ
1070 890 1169 963 τῆς
1195 887 1442 984 ἱστορίας
1466 886 1551 949 ότι
1575 894 1689 949 τῶν
1690 891 1816 989 μὲν
1837 897 2175 973 παρείλοντο
2198 891 2299 969 τὰς

403 959 511 1023 δύο
545 958 740 1034 πόλεις
776 961 1110 1042 γειτνιώσας
1146 961 1374 1047 αὐτοῖς,
1429 966 1740 1044 Θετταλονς
1786 974 1848 1034 δὲ
1889 996 2301 1056 παρωσαμένοι

399 1069 508 1125 την
525 1039 1030 1124 Ἀμφικτυονίαν
1010 1075 1105 1110 ατε
1131 1053 1189 1110 ἐν
1212 1053 1356 1135 μέση
1379 1058 1604 1114 Φωκίδι
1626 1062 1741 1115 τῶν
1767 1057 1827 1117 ἐν
1851 1065 2154 1136 Δελφοῖς
2128 1067 2299 1142 ιερῶν

402 1131 746 1207 ἱδρυμένων.
820 1126 1013 1210 ἐπειδὴ
1056 1134 1117 1193 δὲ
1149 1142 1338 1196 πολυν
1371 1133 1582 1215 χρόνον
1619 1139 1977 1239 ἐπολέμησαν
1996 1138 2140 1223 πρὸς
2165 1146 2297 1204 ἑαυ-

397 1209 533 1283 τούς
554 1207 865 1291 Ἀθηναῖοι
887 1217 985 1273 καὶ
1016 1219 1332 1318 Φίλιππος,
1381 1227 1460 1302 τῷ
1496 1217 1686 1306 χρόνω
1712 1217 1820 1301 τὴν
1843 1221 2079 1321 εἰρηνην
2104 1223 2296 1288 ἑκατε-

401 1320 528 1374 ροι
513 1303 704 1356 ποιεῖν
729 1293 1067 1375 ἐβούλοντο
1116 1294 1244 1360 ἀλλ’
1284 1282 1553 1401 ὁπότερος
1574 1310 1755 1365 ταῦτα
1776 1304 2176 1411 προβαλλοιτο,
2206 1313 2294 1370 αἰ-

401 1376 622 1479 σχύνην
667 1382 814 1458 ε’χειν
859 1374 1134 1458 ενόιιιζον.
1162 1377 1607 1483 Ἀριστόδημος
1654 1389 1715 1449 δὲ
1759 1389 1858 1449 καὶ
1892 1387 2293 1471 Νεοπτόλεμος
2309 1406 2413 1461 335

395 1457 710 1541 υποκριταὶ
733 1466 1108 1563 τραγῳδίας’
1085 1462 1426 1545 ετύγχανον·
1476 1471 1634 1530 οὗτοι
1672 1466 1767 1531 δια
1794 1466 1902 1550 τὴν
1927 1475 2145 1535 οἰκείαν
2144 1477 2290 1573 τέχ-

397 1571 510 1644 νην
534 1544 737 1606 αδειαν
760 1545 913 1625 εἶχον
939 1542 1173 1609 απιέναι
1250 1548 1384 1612 όποι
1411 1578 1484 1611 αν
1505 1550 1860 1634 βουλωνται,
1908 1550 2056 1616 αλλὰ
2092 1551 2164 1637 δὴ
2191 1559 2292 1618 καὶ

393 1622 540 1709 πρὸς
562 1632 883 1726 πολεμίους.
955 1624 1307 1707 απελθόντες
1345 1635 1451 1694 οὐν
1489 1636 1646 1697 οὑτοι
1670 1641 1746 1710 εἰς
1769 1633 1875 1717 τὴν
1901 1643 2292 1702 Μακεδονίαν

393 1712 753 1786 ἐπεδείξαντο
792 1706 899 1793 τὴν
936 1716 1153 1775 οἰκείαν
1181 1718 1417 1814 τέχνην,
1467 1719 1564 1777 καὶ
1601 1716 1748 1780 ου’τω
1786 1718 2156 1822 φιλοφρόνως
2182 1717 2289 1783 αὖ·-

393 1790 527 1867 τοὺς
563 1797 792 1869 ἐδέξατο
824 1801 1112 1870 Φίλιππος
1168 1794 1309 1861 ὥστε
1338 1796 1481 1904 πρὸς
1519 1810 1636 1873 τοῖς
1674 1801 1866 1875 α’λλοις
1902 1802 2152 1885 χρήμασι
2187 1807 2290 1866 καὶ

392 1875 590 1939 αλλα’
566 1903 630 1939 εκ
653 1886 768 1939 τῶν
792 1883 1022 1941 οἰκείων
1042 1890 1328 1983 παρεῖχεν
1336 1884 1547 1956 αὐτοῖς.
1595 1881 1940 1963 αἰσθόμενος
1968 1888 2029 1947 δὲ
2049 1885 2288 1965 μελλόν-

389 1987 506 2022 των
550 1961 976 2045 πρεσβεύεσθαι
1017 1959 1161 2066 πρὸς
1196 1960 1375 2027 αυτὸν
1418 1969 1675 2028 Φωκέων
1709 1970 1809 2028 καὶ
1853 1974 2154 2031 Θετταλῶν
2187 1971 2287 2031 καὶ

391 2050 669 2126 Θηβαίων
740 2046 1037 2148 ἐβουλήθη
1060 2073 1194 2121 τους
1214 2045 1563 2129 Ἀθηναίους
1588 2054 1954 2151 εξαπατῆσαι.
2024 2056 2124 2115 καὶ
2146 2051 2284 2115 ταύ-

381 2155 482 2209 της
505 2154 607 2210 της
630 2149 978 2237 προφασεως
1004 2129 1358 2213 δραξαμενος
1389 2139 1705 2212 Φίλιππος,
1732 2129 2008 2198 απολύων
2024 2132 2283 2242 Ἀριστό-

381 2217 570 2292 δημον
609 2216 709 2274 καὶ
733 2211 1168 2294 Νεοπτόλεμον,
1218 2218 1406 2296 ἔλεγεν
1442 2213 1639 2289 αὐτοῖς
1662 2216 1749 2279 ὅτι
1773 2224 1940 2295 φίλος
1964 2222 2079 2298 εἰμὶ
2094 2218 2281 2298 Ἀθη-

381 2300 584 2370 ναίοις.
654 2298 878 2396 συνέβη
906 2299 967 2358 δὲ
988 2296 1170 2357 παλιν
1193 2323 1245 2358 τι
1269 2307 1530 2359 τοιοῦτον
1552 2304 1843 2398 γενέσθαι.
1919 2299 2174 2399 Φρύνων
2196 2325 2281 2373 τις

374 2373 696 2457 Ἀθηναῖος
732 2374 927 2440 ἄπιων
955 2374 1338 2457 Ὀλυμπιασιν
1372 2376 1796 2460 αγωνισόμενος
1830 2410 1866 2462 η
1900 2380 2274 2461 θεασόμενος,

382 2457 734 2568 ἐκρατήθη
706 2458 821 2525 υπό
844 2488 1021 2523 τινων
1035 2468 1397 2564 στρατιωτῶν
1419 2469 1523 2524 τοῦ
1552 2468 1846 2526 Φιλίππου
1885 2490 1945 2524 εν
1971 2467 2269 2551 ἱερομηνία

379 2548 480 2607 καὶ
505 2539 786 2650 αφηρέθη
806 2542 894 2606 ποῖ
902 2572 1004 2606 ντα
1026 2571 1097 2607 τα
1121 2541 1316 2608 αυτοῦ.
1387 2548 1487 2608 καὶ
1510 2543 1701 2608 ἐλθών
1725 2552 1801 2620 εἰς
1821 2542 1971 2648 Ἀθή
1980 2576 2078 2623 νας
2096 2573 2272 2631 παρεν-

378 2626 543 2691 καλει
561 2652 697 2704 τους
715 2625 1099 2730 Ἀθηναίους,
1151 2633 1250 2692 ι’να
1283 2626 1759 2734 χειροτονήσωσιν
1796 2625 1973 2693 αυτὸν
1984 2638 2273 2733 πρεσβευ-

375 2737 509 2795 την,
556 2708 712 2788 όπως
756 2707 1035 2774 ἆπελθών
1075 2738 1219 2796 προς
1263 2718 1556 2775 Φίλιππον
1601 2712 1750 2798 λαβη
1769 2738 1929 2814 απερ
1967 2710 2272 2800 αφηρέθη·

376 2797 477 2857 καὶ
518 2799 852 2868 πεισθέντες
876 2791 1189 2897 Ἀθηναῖοι
1235 2793 1669 2880 ἐχειροτόνησαν
1713 2792 1890 2858 αυτὸν
1925 2802 2024 2859 καὶ
2063 2806 2271 2896 Κτησι-

369 2903 596 2957 φωντα.
632 2883 732 2942 καὶ
751 2877 1047 2944 ἐλθόντων
1068 2874 1260 2941 αὐτων
1281 2905 1357 2952 εις
1370 2885 1757 2942 Μακεδονιαν
1778 2880 2146 2985 φιλοφρόνως
2166 2875 2271 2942 αὗ·-

371 2989 507 3037 τους
531 2958 810 3040 ἐδέξατο
784 2990 815 3025 ο
849 2967 1166 3064 Φίλιππος,
1215 2961 1354 3025 ὥστε
1379 2967 1479 3025 καὶ
1500 2959 1571 3024 τδι
1595 2959 1994 3072 αφαιρεθέντα
2014 2961 2129 3027 υπὸ
2157 2990 2271 3026 των

366 3066 738 3132 στρατιωτων
759 3070 953 3110 παντα
978 3041 1307 3109 αποδοῦναι
1331 3043 1490 3150 αὐτῷ
1513 3050 1611 3109 καὶ
1636 3051 1698 3109 ἐκ
1721 3074 1836 3110 των
1860 3052 2087 3110 οἰκείων
2123 3046 2270 3109 ἄλλα

367 3132 704 3211 ἐπιδοῦναι,
752 3136 853 3195 καὶ
889 3126 1314 3235 απολογεῖσθαι
1346 3127 1435 3193 ότι
1450 3113 1714 3235 ἠγνόουν
1738 3137 1798 3195 οἱ
1816 3141 2157 3238 στρατιῶται
2180 3128 2268 3194 ότι

362 3219 667 3320 ἱερομηνία
705 3217 836 3278 ἐστί.
905 3218 1006 3280 καὶ
1025 3212 1250 3290 τούτοις
1285 3211 1523 3277 παλιν
1499 3222 1708 3318 ομοίως
1753 3220 1940 3321 ελεγεν
1980 3244 2056 3291 ως
2100 3220 2267 3294 φίλος

360 3302 477 3380 εἰμὶ
496 3295 853 3404 Ἀθηναίοις.
918 3302 1020 3363 καὶ
1054 3297 1322 3375 ἐλθόντες
1356 3303 1434 3373 εἰς
1458 3327 1566 3382 την
1585 3296 1851 3403 Ἀττικην
1875 3327 1946 3363 τα
1971 3298 2120 3364 αυτὰ
2144 3307 2266 3373 τοῖς

356 3382 556 3460 ἄλλοις
579 3379 957 3490 απήγγειλαν
1024 3393 1207 3447 ταῦτα
1237 3379 1599 3460 α’κούσαντες
1625 3380 1933 3464 Ἀθηναῖοι
1958 3382 2263 3468 ἐβούλοντο

350 3478 579 3550 μαθεῖν,
608 3474 660 3533 εἰ
692 3466 817 3551 μετ’
858 3467 1140 3553 ἀληθείας
1175 3466 1414 3553 ειρήνην
1449 3470 1613 3552 α’γειν
1646 3468 1914 3552 βονλεται
1956 3474 2259 3542 Φίλιππος.
