2622 4065
382 306 508 371 378
669 287 671 289 ’
804 310 945 364 xlx.
1018 304 1855 365 ΛΗΜΟΣΘΕΝΟΤΣ

251 493 361 547 313
378 467 740 554 ἡλωκ“ε’ναι.’
829 462 960 531 εἷθ’
1002 462 1117 538 οὓς
1144 467 1305 546 μηδὲ
1329 472 1463 527 τῶν
1485 467 1748 544 ε’χθρεόν
1775 468 1997 547 μηδεὶς
2022 463 2106 531 ἂν
2129 467 2289 532 τού-

378 591 517 630 των
557 574 694 630 τῶν
742 568 1086 646 ἐγκωμίων
1127 564 1235 626 καὶ
1278 570 1415 624 τῶν
1461 565 1747 625 ἐπαίνων
1803 558 2290 648 ἀποστερήσειε,

378 662 962 743 τούτωνΑίσχίνης
986 660 1155 741 ὑμᾶς
1180 657 1303 723 οὐκ
1333 664 1407 743 ἐᾷ
1432 668 1830 742 μεμνῆσθαι,
1855 657 2009 736 τούς
2034 664 2096 737 ἐξ
2125 665 2294 727 ἐκεί-

381 788 542 840 νων,
566 758 646 824 ἵν’
678 757 878 833 αὐτὸς
901 758 1227 841 ἀργύριον
1254 759 1453 841 λα’βῃς
1482 759 1588 821 καὶ
1617 757 1749 840 μὴν
1775 768 1906 822 τῶν
1929 759 2050 841 μὲν
2074 758 2294 825 ἄλλων
2379 780 2382 781 ’

380 857 662 941 ἀγαθῶν
686 854 768 922 οὐ
792 860 1048 940 μέτεστι
1071 871 1205 930 τοῖς
1230 863 1595 919 τεθνεῶσιν
1613 907 1630 936 ‚
1682 854 1822 919 οἶδ’
1863 858 1967 920 ἐπὶ
2004 870 2139 931 τοῖς
2173 883 2294 921 κα-

378 965 513 1033 λσῖς
578 954 974 1038 πραχθεῖσιν
1029 961 1284 1018 ε’παινοι
1343 961 1476 1016 τῶν
1521 951 1695 1016 οὕτω
1739 953 2296 1035 τετελευτηκότων

383 1060 558 1121 ἴδιον
591 1053 805 1136 κτῆμα
833 1049 1230 1117 slew-0135}
1256 1051 1379 1132 γὰρ
1406 1049 1437 1115 ὁ
1466 1051 1727 1131 φθόνος
1753 1048 1973 1125 αὐτοῖς
1997 1055 2088 1115 ε”τι
2112 1077 2295 1133 τηνι-

382 1161 552 1217 καῦτ
564 1149 1036 1215 ’ἐναντιοῦται.
1101 1176 1193 1212 ων
1220 1147 1607 1227 ἁποστερων
1633 1151 1924 1222 ἐκείνους
1949 1140 2144 1223 οὗτος
2170 1145 2293 1212 αύ-
2310 1171 2414 1223 442

380 1248 492 1326 τὸς
515 1245 601 1314 ἄν
622 1259 737 1331 τῆς
762 1253 1077 1328 ἐπιτιμίας
1102 1251 1369 1321 δικαίως
1394 1254 1522 1308 νῦν
1561 1253 1907 1328 στερηθείη
1925 1296 1942 1328 ,
1987 1250 2094 1309 καὶ
2128 1246 2295 1309 ταύ-

379 1375 503 1431 την
528 1347 692 1429 ὑπὲρ
715 1355 849 1410 τῶν
873 1347 1225 1427 προγόνων
1255 1342 1438 1425 ὑμεῖς
1465 1348 1655 1426 δικην
1681 1344 1941 1426 λα’βοιτε
1981 1341 2137 1424 παρ’
2168 1339 2289 1406 αύ-

383 1455 524 1512 τοῦ.
594 1445 920 1517 τοιούτοις
945 1447 1164 1523 μέντοι
1194 1443 1446 1520 λόγοις,
1499 1467 1547 1502 ω
1573 1438 1737 1521 κακὴ
1764 1436 2015 1521 κεφαλὴ
2039 1489 2057 1521 ,
2104 1438 2189 1501 σύ
2210 1464 2289 1501 τα

381 1570 520 1609 των
552 1541 906 1623 προγόνων
942 1546 1097 1620 ε’ργα
1131 1539 1422 1620 σύλησας
1466 1541 1574 1600 καὶ
1623 1538 1939 1616 διασύρας
1979 1563 2068 1600 τω
2118 1536 2292 1619 λόγῳ

255 1651 363 1704 314
387 1667 604 1706 παντα
626 1667 705 1703 τα
731 1664 1036 1719 πραγματ
1047 1634 1449 1709 ἀπώλεσας.
1525 1633 1657 1696 εἶτα
1690 1647 1997 1714 γεωργεῖς
2028 1635 2099 1697 ἐκ
2136 1633 2294 1696 τού-

384 1766 518 1804 των
542 1740 650 1803 καὶ
678 1734 918 1819 σεμνὸς
940 1737 1230 1817 γέ.γονας
1303 1761 1409 1797 και
1437 1757 1562 1813 γαρ
1587 1738 1800 1795 τοῦτο.
1870 1728 1996 1809 πρὸ
2022 1729 2142 1811 μὲν
2174 1736 2293 1792 τοῦ

383 1837 601 1902 πάντα
626 1834 795 1900 κακὰ
823 1835 1170 1915 εἰργάσθαι
1193 1830 1314 1913 τὴν
1339 1832 1533 1894 πόλιν
1561 1827 1882 1910 ὡμολόγει
1915 1852 2293 1909 γεγραμμα-

383 1936 688 1999 τευκέναι
711 1934 820 1996 καὶ
843 1957 1035 2012 χαριν
1060 1928 1217 2012 ὑμῖν
1247 1935 1414 2010 ἔχειν
1439 1935 1559 1990 τοῦ
1583 1931 2129 2007 χειροτονηθῆναι
2146 1973 2160 2001 ,
2186 1925 2293 1987 καὶ
2373 1955 2375 1957 ·

385 2038 654 2118 μέτριον
688 2046 995 2114 παρεῖχεν
1031 2027 1298 2095 ἑαυτόν
1351 2022 1569 2106 ἐπειδὴ
1615 2026 1682 2087 δὲ
1718 2027 1916 2119 μυρία
1960 2029 2294 2104 εἰργασται

384 2159 590 2204 κακα
637 2158 751 2206 τας
790 2128 1003 2212 ὀφρῦς
1044 2127 1403 2191 ανέ.σπακε
1454 2151 1584 2187 καν
1614 2119 1675 2185 ’ὁ
1703 2144 2297 2201 γεγραμματευκως

378 2227 725 2313 Λίσχίνης”
769 2238 917 2312 εἴπῃ
951 2254 1080 2307 τις,
1130 2222 1371 2308 ἐχθρός
1411 2222 1660 2293 εὐθέως
1698 2221 1803 2283 καὶ
1841 2242 2056 2290 κακως
2092 2233 2300 2297 φησιν

384 2326 777 2410 ἀκηκοέναι,
822 2328 931 2390 καὶ
969 2322 1074 2388 δια
1111 2332 1224 2405 τῆς
1260 2321 1506 2402 οἷγορας
1549 2316 1921 2395 πορεύεται
1946 2313 2300 2393 θοίμάτιον

383 2428 614 2499 καθεὶς
642 2422 789 2505 α’χρι
812 2431 945 2486 τῶν
983 2441 1296 2502 σφυρων
1349 2428 1455 2482 ι’ἶσα
1492 2423 1743 2499 βαίνων
1766 2418 2138 2485 Πυθοκλεῖ
2187 2434 2301 2482 τας

381 2522 684 2606 γναθους
705 2527 964 2602 φυσῶν,
982 2545 1116 2582 των
1134 2522 1466 2581 Φιλιππου
1489 2519 1689 2590 ξένων
1712 2513 1818 2576 καὶ
1839 2516 2051 2592 φίλων
2073 2503 2161 2582 εἷς
2180 2504 2303 2570 ού·-

379 2646 491 2696 τος
513 2616 674 2702 ὑμῖν
697 2617 842 2701 ἤδη,
861 2625 993 2681 τῶν
1017 2614 1472 2696 απαλλαγῆναι
1496 2619 1615 2676 τοῦ
1640 2609 1852 2691 δήμου
1872 2604 2303 2690 βουλομένων

380 2719 490 2784 και
508 2716 819 2782 κλύδωνα
868 2716 975 2779 καὶ
1021 2721 1265 2797 μανίαν
1311 2739 1391 2775 τα
1443 2707 1899 2790 καθεστηκότα
1949 2694 2293 2782 πράγμαθ’
2365 2713 2368 2717 ’

377 2814 808 2900 ηγουμένων,
842 2811 875 2878 ὁ
903 2817 1060 2887 τέως
1083 2817 1488 2890 προσκυνῶν
1512 2806 1633 2888 τὴν
1656 2805 1887 2868 θόλον.

188 2961 190 2963 ν
254 2896 359 2975 315
550 2911 891 2992 Βούλομαι
934 2917 1164 2973 τοίνυν
1208 2905 1371 2986 ὑμῖν
1417 2909 1723 2966 ἐπελθεῖν
1768 2899 1872 2961 ἐπὶ
1918 2896 2300 2974 κεφαλαίων

381 3008 464 3076 ὃν
506 3007 760 3090 τρόπον
804 3004 977 3088 ὑμᾶς
1013 2998 1603 3068 κατεπολιτευσατο
1643 3001 1963 3067 Φίλιππος
2005 2996 2300 3071 προσλα-

381 3104 528 3192 βων
551 3105 833 3179 τούτους
857 3100 1013 3178 τούς
1033 3112 1215 3176 θεοῖς
1241 3098 1544 3182 ἐχθρούς.
1619 3093 1799 3156 πάνυ
1838 3087 1901 3154 δ
1944 3086 2129 3164 α’ξιον
2164 3089 2304 3160 ἑξε-
2359 3114 2362 3116 Α

383 3204 579 3269 τασαι
601 3204 710 3266 καὶ
732 3201 1114 3265 θεασασθαι
1136 3199 1257 3281 τὴν
1286 3197 1546 3278 οέπατην
1571 3191 1749 3274 ο’.λην
1795 3184 1866 3252 τὸ
1893 3189 2011 3269 μὲν
2035 3184 2162 3266 γὰρ
2193 3203 2281 3244 απ

183 3387 188 3392 ⁴
384 3301 589 3386 αρχῆς
626 3308 742 3383 τῆς
780 3300 1052 3415 εἰρήνης
1077 3302 1462 3378 ἐπιθυμων,
1519 3288 2046 3371 διαφορουμένης
2093 3277 2304 3342 αὐτοῦ

188 3393 193 3398 ’
262 3435 296 3470 t
383 3409 500 3484 τῆς
531 3424 750 3483 χωρας
785 3393 916 3460 ὑπὸ
955 3421 1092 3458 των
1128 3401 1393 3477 λῃστῶν
1428 3393 1535 3455 καὶ
1569 3385 2005 3465 κεκλειμένων
2030 3401 2167 3440 των
2189 3376 2307 3455 ἐμω

380 3504 674 3584 πορίων,
723 3492 879 3560 ὥστ’
929 3489 1260 3576 ανόνητον
1303 3495 1557 3554 ἐκεῖνον
1603 3484 1916 3550 απαντων
1964 3474 2130 3540 εἶναι
2171 3496 2308 3536 των

2215 3175 2352 3244 9π,”
