2622 4065
543 304 793 363 ΠΕΡΙ
858 302 1071 361 ΤΗΣ
1128 302 2050 363 ΠΑΡΑΠΡΕΣΒΕΙΑΣ.
2128 301 2256 363 297

260 479 328 532 25
521 469 657 527 Τοῦ
688 460 881 545 χάριν
918 459 997 545 δὴ
1035 458 1237 526 ταυθ’
1279 459 1630 545 ὑπέμνησα
1668 486 1926 584 πρωτα
1928 470 2060 529 νῦν
2081 461 2256 546 ὑμᾶς

343 561 455 626 καὶ
493 564 843 644 διεξῆλθον
880 559 1155 634 τούτους
1191 557 1347 636 τοὺς
1371 558 1643 641 λόγους;
1688 558 1835 636 ἑνὸς
1856 587 2010 644 μεν,
2059 562 2108 624 ὠ
2133 558 2258 624 ἄν-

345 664 491 742 δρες
510 658 879 743 Ἀθηναῖοι,
906 657 1185 741 μάλιστα
1209 660 1318 723 καὶ
1344 658 1633 743 πρώτου,
1658 662 1768 724 ἵνα
1792 660 2018 744 μηδεὶς
2042 656 2256 742 ὑμων,

343 757 608 821 ἐπειδάν
631 783 692 822 τι
715 759 1022 839 λέγοντος
1046 753 1261 842 άκούῃ
1285 782 1415 841 μου
1442 764 1575 821 τῶν
1599 760 2085 841 πεπραγμένων
2103 807 2120 838 ,
2149 758 2258 821 καὶ
2276 764 2379 817 349

343 858 504 940 δοκῇ
532 852 750 920 δεινὸν
778 851 959 942 αὐτῷ
980 857 1088 921 καὶ
1110 854 1533 940 ὑπερβάλλον
1559 854 1756 939 εἶναι,
1776 854 1955 922 “dm
1977 851 2103 922 τότ’
2131 852 2258 920 οὐκ

254 949 588 1035 26“ἔλεγες
610 961 1004 1036 παραχρῆμα
1026 959 1233 1018 ταῦτα
1260 951 1407 1018 οὐδ’
1439 956 1772 1029 ἐδίδασκες
1795 951 1964 1036 ἡμᾶς
1980 951 2027 1030 3²²
2075 962 2257 1017 θαυ-

340 1047 536 1134 μάζῃ,
566 1049 732 1116 ἄλλα
758 1054 1161 1133 μεμνημένοι
1185 1048 1300 1126 τὰς
1326 1048 1712 1134 ὑποσχέσεις
1734 1048 1849 1127 τὰς
1873 1049 2152 1131 τούτων,
2178 1046 2257 1126 ἃς

339 1145 447 1228 ἐφ’
489 1145 782 1211 ἑκάστων
819 1147 1205 1230 ποιούμενοι
1241 1155 1377 1213 τῶν
1411 1156 1666 1232 καιρῶν
1702 1153 2025 1227 ἐξέκλειον
2046 1146 2256 1230 λόγου

336 1243 684 1326 τυγχάνειν
719 1242 871 1320 τοὺς
907 1243 1179 1328 ἄλλους,
1226 1247 1335 1311 καὶ
1370 1244 1492 1329 τὴν
1530 1249 1923 1330 ἐπαγγελίαν
1946 1244 2253 1329 τῆνιτού-
2290 1319 2292 1321 ,

340 1365 459 1404 του
482 1342 730 1425 ταύτην
752 1340 872 1426 τὴν
897 1344 1105 1425 καλὴν
1122 1393 1139 1425 ,
1181 1341 1400 1426 εἰδῆθ’
1432 1343 1532 1409 ὅτι
1551 1343 1716 1427 πρὸς
1742 1342 1947 1407 ἅπασι
1971 1356 2106 1419 τοῖς
2129 1342 2252 1408 ἄλ-

336 1445 474 1512 λοις
497 1442 607 1503 καὶ
630 1448 824 1505 τοῦτο
849 1437 1162 1524 ἠδίκησθ’
1196 1437 1309 1503 ὑπ’
1337 1438 1582 1522 αὐτοῦ,
1624 1439 1727 1504 ὅτι
1747 1436 2009 1523 τάληθῆ
2034 1463 2251 1520 παρα-

254 1592 260 1598 .
336 1542 549 1619 χρῆμα
572 1539 682 1602 καὶ
703 1534 880 1618 ἡνίκ’
908 1540 1038 1601 ἔδει
1060 1537 1537 1602 πυνθάνεσθαι
1563 1537 2016 1621 διεκωλύθητε
2040 1540 2253 1601 ἐλπίσι

249 1651 313 1705 27
341 1635 449 1697 καὶ
473 1647 899 1717 φενακισμοῖς
924 1637 1031 1699 καὶ
1055 1632 1487 1717 ὑποσχέσεσιν
1514 1637 2017 1719 ἐξαπατώμενοι.
2065 1634 2253 1717 πρώ-

334 1754 453 1793 του
475 1730 593 1812 μὲν
617 1731 859 1795 τούτου
882 1733 991 1796 καὶ
1014 1729 1316 1814 μάλισθ’,
1345 1725 1554 1814 οὑπερ
1582 1732 1800 1818 εἶπον,
1828 1735 2021 1798 ἕνεκα
2043 1741 2253 1798 ταῦτα

332 1829 711 1907 διεξῆλθον,
762 1832 1073 1946 δευτέρου
1111 1831 1178 1894 δὲ
1203 1835 1412 1909 τίνος;
1457 1835 1565 1896 καὶ
1602 1831 1801 1899 οὐδεν
1838 1831 2250 1917 ελάττονοςῆ

330 1923 601 2006 τούτου,
648 1925 757 1986 ι’να
781 1922 903 2007 τὴν
927 1922 1024 1989 ὅτ
1054 1925 1612 2011 άδωροδόκΝητος
1577 1938 1830 2015 υπῆρχε
1857 1939 2247 2017 προαίρεσιν

331 2016 540 2084 αὑτοῦ
558 2024 671 2102 τῆς
696 2028 1020 2098 πολιτείας
1045 2019 1600 2111 ἀναμνησθέντες,
1631 2055 1717 2105 ως
1733 2034 2244 2149 προβεβλημένη

327 2117 437 2182 καὶ
481 2116 747 2193 άπιστος
783 2122 869 2201 ἠν
903 2119 1066 2202 πρὸς
1101 2119 1219 2186 τὸν
1265 2130 1628 2208 Φίλιππον,
1675 2124 1797 2207 τὴν
1839 2153 2001 2209 μετα
2046 2125 2235 2191 ταῦτ’

242 2243 311 2295 23
329 2217 634 2298 ἐξαίφνης
658 2230 1014 2297 γεγονυῖαν
1039 2225 1256 2283 πίστιν
1278 2222 1388 2285 καὶ
1412 2227 1641 2303 φιλίαν
1664 2227 2021 2307 σκέψησθε,
2051 2221 2154 2288 εἶτ’
2183 2229 2245 2289 εἰ

328 2338 447 2395 μεν
485 2315 838 2435 ἐκβέβηκεν
880 2313 973 2379 50²
1001 2313 1355 2400 ἀπήγγειλε
1387 2316 1551 2401 πρὸς
1574 2317 1742 2403 ὑμᾶς
1767 2312 1958 2396 οὗτος
1982 2323 2091 2386 καὶ
2114 2347 2240 2385 κα·-

327 2417 455 2484 λως
481 2416 606 2492 ἔχει
631 2437 709 2475 τα
737 2418 1181 2495 πεπραγμένα,
1211 2415 1318 2482 δια
1341 2417 1463 2501 τήν
1487 2415 1812 2500 ἀλήθειαν
1835 2420 1945 2483 καὶ
1967 2417 2038 2484 τὸ
2066 2437 2242 2504 συμ-

327 2508 536 2587 φέρον
569 2515 649 2589 τῇ
684 2508 870 2572 πόλει
899 2519 1300 2595 γεγενῆσθαι
1325 2522 1668 2599 νομίσητε,
1708 2523 1766 2581 εἰ
1786 2517 1855 2583 δε
1878 2517 2094 2583 πάντα
2115 2516 2241 2583 τᾶ-

325 2608 556 2666 -ναντία
581 2628 678 2667 ων
704 2597 895 2680 οὗτος
920 2607 1057 2672 εἶπε
1081 2612 1471 2696 πέπρακται,
1500 2617 1609 2678 καὶ
1632 2612 1887 2698 πολλην
1912 2616 2238 2734 αἰσχυνην

324 2703 433 2764 καὶ
457 2702 781 2782 μεγάλους
813 2705 1169 2784 κινδύνους
1208 2708 1391 2773 ταῦτ
1437 2716 1562 2794 ἔχει
1596 2718 1674 2797 τῇ
1713 2711 1931 2797 πόλει,
1982 2712 2088 2777 δια
2111 2714 2238 2798 τὴν

325 2802 824 2883 αἰσχροκερδίαν
869 2801 991 2886 τὴν
1013 2807 1252 2871 ἑαυτοῦ
1269 2808 1467 2874 καὶτὸ
1489 2809 1838 2892 χρημάτων
1856 2807 2242 2880 ἀποδόσθαι

322 2895 581 2981 τάληθῆ
613 2907 1180 2986 μεταβεβλημένον
1204 2903 1411 2971 αὐτὸν
1436 2913 1662 2991 εἰδῆτε.

234 3023 304 3075 29
491 2995 829 3080 Βούλομαι
873 2997 931 3064 δ’
943 3050 960 3083 ,
1025 3004 1374 3122 επειδῆπερ
1428 3011 1516 3082 εἰς
1558 3007 1836 3083 τούτους
1881 3008 2240 3094 προήχθην

320 3115 477 3167 τους
498 3092 798 3176 λόγους,
779 3122 858 3160 ον
881 3098 1133 3178 τρόπον
1153 3128 1231 3166 τα
1255 3107 1402 3187 περὶ
1426 3105 1579 3181 τοὺς
1598 3111 1870 3183 Φωκέας
1893 3106 2232 3193 πράγμαθ’

323 3184 524 3271 ὑμῶν
540 3200 960 3278 παρείλοντο,
987 3221 1250 3282 πρωτον
1277 3209 1481 3268 εἰπεῖν
1506 3201 1840 3271 απάντων.
1894 3211 1999 3272 δεῖ
2016 3208 2087 3275 δε
2110 3235 2240 3293 μη-

326 3284 540 3351 δένα
505 3314 731 3371 υμων,
759 3318 807 3355 ω
832 3294 1069 3378 ἄνδρες
1093 3303 1423 3384 δικασταὶ,
1452 3309 1542 3379 εἰς
1566 3302 1639 3369 τὸ
1667 3331 1804 3369 των
1828 3307 2237 3391 πραγμάτων
2256 3323 2366 3375 35⁰

323 3386 605 3468 μέγεθος
629 3392 961 3471 βλέψαντα
983 3401 1240 3478 μείζους
1263 3426 1378 3477 τας
1404 3410 1801 3487 κατηγορίας
1835 3407 1945 3471 καὶ
1980 3432 2093 3483 τας
2131 3411 2293 3473 αἰ-

319 3487 459 3559 τίας
492 3494 608 3569 τῆς
643 3490 882 3556 τούτου
917 3490 1106 3580 δόξης
1142 3506 1443 3584 νομίσαι,
1488 3500 1634 3569 άλλ
1662 3504 1857 3568 ἐκεῖν’
1886 3501 2088 3585 ὁραν,
2137 3505 2240 3571 ὅτι
