2622 4065
182 1659 283 1747 296

675 310 928 370 ΠΕΡΙ
989 310 1189 368 ΤΟΥ
1249 312 1847 370 ΣΤΕΦΛΝΟΤ.
2084 302 2211 372 253

304 468 472 537 ἀλλά
506 473 614 535 καὶ
652 474 722 535 αἱ
751 482 1056 553 γυναῖκες
1093 473 1162 533 αἱ
1192 466 1498 551 ὑμέτεραι
1535 471 1658 553 τὴν
1679 468 1948 552 γυναῖκ’
1979 464 2206 536 αὐτοῦ.

256 591 284 640 5
303 566 383 633 οὐ
430 565 557 651 γὰρ
606 568 874 650 ἐζήτουν
918 571 983 633 οἱ
1024 565 1159 631 τότ’
1205 565 1539 650 Ἀθηναῖοι
1579 567 1733 632 οὔτε
1768 569 2015 654 ῥήτορα
2053 567 2209 634 οὔτε

306 663 670 748 στρατηγὸν
697 663 782 729 δι’
821 664 979 730 ὅτου
1004 662 1480 729 δουλεύσουσιν
1508 662 1829 749 εὐτυχῶς,
1872 663 2021 731 ἀλλ’
2051 664 2208 731 οὐδὲ

303 770 414 846 ζῆν
438 760 696 845 ἠξίουν,
725 769 783 827 εί
802 762 886 846 μὴ
913 761 1048 845 μετ’
1079 766 1455 841 ἐλευθερίας
1479 765 1723 840 ἐξέσται
1744 772 1940 829 τοῦτο
1967 778 2203 829 ποιεῖν.

298 858 514 944 ἡγεῖτο
553 858 678 943 γάρ
720 859 940 924 αὐτῶν
977 863 1244 935 ἕκαστος
1269 858 1412 941 οὐχὶ
1437 868 1529 945 τῷ
1554 863 1747 939 πατρὶ
1771 863 1879 925 καὶ
1904 868 1983 946 τῇ
2007 863 2204 944 μητρὶ

299 958 508 1041 μόνον
532 964 962 1041 γεγενῆσθαι,
1010 956 1174 1021 ἀλλά
1202 958 1308 1020 καὶ
1332 965 1411 1039 τῇ
1446 962 1720 1036 πατρίδι.
1808 959 2105 1040 διαφέρει
2131 958 2203 1023 δὲ

297 1061 363 1119 τί
371 1082 386 1131 ;
435 1053 534 1119 ὅτι
572 1051 604 1119 ὁ
640 1054 758 1137 μὲν
794 1068 928 1129 τοῖς
962 1062 1233 1135 γονεῦσι
1257 1053 1466 1135 μόνον
1488 1062 1890 1136 γεγενῆσθαι
1917 1062 2202 1138 νομίζων

296 1148 415 1215 τὸν
447 1159 560 1233 τῆς
597 1153 983 1234 εἱμαρμένης
1019 1148 1266 1215 καὶτὸν
1293 1149 1665 1232 αὐτόματον
1686 1150 1991 1216 θάνατον
2016 1173 2206 1233 περι-

298 1247 507 1329 μένει,
556 1244 588 1310 ὁ
633 1249 701 1312 δὲ
724 1252 831 1311 καὶ
856 1255 931 1332 τῇ
955 1251 1216 1331 πατρίδι
1238 1244 1403 1327 ὑπὲρ
1427 1255 1549 1310 τοῦ
1571 1244 1655 1329 μὴ
1680 1244 1930 1329 ταύτην
1955 1249 2205 1311 ἐπιδεῖν

300 1341 752 1409 δουλεύουσαν
777 1341 1233 1427 ἀποθνήσκειν
1256 1344 1578 1427 ἐθελήσει,
1609 1346 1719 1408 καὶ
1742 1348 2203 1427 φοβερωτέρας

297 1437 604 1523 ἡγήσεται
626 1441 740 1515 ,τὰς
763 1440 986 1524 ὕβρεις
1011 1443 1117 1505 καὶ
1139 1440 1253 1515 τας
1278 1440 1552 1523 ἀτιμίας,
1580 1438 1651 1515 ἅς
1687 1444 1757 1504 ἐν
1784 1442 2202 1527 δουλευούσῃ

298 1546 379 1621 τῇ
402 1537 588 1615 πόλει
615 1539 841 1620 φέρειν
866 1535 1151 1620 ἀνάγκη,
1177 1546 1297 1601 τοῦ
1319 1537 1639 1603 θανάτου.

467 1642 551 1700 Ec
586 1636 705 1718 μὲν
736 1641 966 1700 τοίνυν
1003 1632 1184 1699 τοῦτ’
1225 1638 1605 1717 ἐπεχείρουν
1645 1638 1891 1716 λέγειν,
1944 1632 2029 1710 ὥς
2073 1631 2200 1716 ἐγώ

300 1733 680 1818 προήγαγον
706 1731 873 1815 ὑμᾶς
897 1731 1040 1809 ἄξια
1062 1739 1195 1796 τῶν
1220 1732 1572 1813 προγόνων
1597 1745 1894 1815 φρονεῖν,
1913 1731 2036 1796 οὐκ
2058 1731 2197 1796 ἔσθ’

298 1829 474 1905 ὅστις
497 1828 619 1895 οὐκ
645 1825 729 1893 ἀν
753 1829 1017 1904 εἰκότως
1042 1830 1435 1913 ἐπιτιμήσειέ
1454 1856 1581 1912 μοι.
1650 1837 1780 1893 νῦν
1817 1833 1854 1893 δ
1863 1827 1877 1848 ’
1926 1829 2051 1911 ἐγω
2079 1830 2203 1912 μὲν

295 1924 608 2012 ,ὑμετέρας
626 1924 739 2001 τας
757 1925 1058 2002 τοιαύτας
1079 1932 1486 2009 προαιρέσεις
1505 1925 1855 2010 ἀποφαίνω
1872 1977 1889 2009 ,
1927 1930 2038 1992 καὶ
2071 1932 2207 1992 δεί-

296 2051 495 2107 κνυμι
532 2021 630 2089 ότι
663 2026 771 2090 καὶ
796 2050 922 2108 προ
951 2027 1112 2108 ἐμοῦ
1135 2024 1316 2091 τοῦτ
1343 2024 1467 2108 εἶχε
1489 2023 1558 2091 τὸ
1590 2026 1903 2110 φρόνημα
1927 2022 1965 2110 ἡ
1992 2025 2202 2110 πόλις,

299 2128 408 2204 τῆς
445 2125 668 2204 μέντοι
710 2126 1042 2197 διακονιας
1065 2149 1179 2205 της
1203 2121 1304 2204 ἐφ’
1337 2124 1632 2198 εκαστοις
1657 2149 1793 2187 των
1819 2128 2203 2207 πεπραγμέ-

96 2272 98 2274 .
178 2241 277 2296 207
296 2246 432 2284 νων
477 2220 586 2284 καὶ
632 2225 891 2305 ἐμαυτω
936 2227 1225 2302 μετεῖναί
1265 2247 1464 2304 φημι,
1516 2225 1708 2297 οῦτος
1748 2220 1817 2287 δὲ
1853 2249 1987 2286 των
2027 2220 2328 2297 όλων297

298 2342 703 2442 κατηγορων,
720 2319 828 2381 καὶ
847 2317 1140 2382 κελεύων
1159 2344 1328 2400 υμας
1348 2321 1486 2400 ἐμοὶ
1505 2342 1753 2400 πικρως
1774 2326 1942 2401 ἔχειν
1963 2347 2049 2395 ως
2075 2319 2207 2403 φό-

297 2422 436 2499 βων
471 2415 581 2479 καὶ
614 2415 952 2480 κινδύνων
976 2422 1156 2480 αι’τίω
1181 2423 1259 2500 τῇ
1283 2416 1501 2499 πόλει,
1546 2444 1658 2500 της
1682 2444 1801 2501 μεν
1827 2425 1915 2495 εἰς
1937 2445 2009 2484 το
2037 2442 2211 2501 παρ-

301 2509 382 2575 ὸν
404 2520 589 2593 τιμῆς
614 2511 721 2593 ἐμε
757 2510 1196 2597 ἀποστερῆσαι
1230 2513 1677 2598 γλίχεται,τά
1715 2513 1777 2578 δ’
1820 2522 1909 2591 εἰς
1946 2515 2206 2581 ἅπαντα

248 2682 250 2684 ,
298 2604 417 2672 τὸν
444 2608 674 2672 λοιπὸν
694 2609 941 2690 χρόνον
975 2611 1260 2691 ἐγκωμια
1299 2608 1489 2692 ὑμων
1531 2608 1921 2693 ἀφαιρεῖται.
1991 2618 2052 2676 εί
2073 2614 2200 2693 γαρ

301 2700 384 2780 ὡς
421 2729 502 2770 ου
537 2702 616 2768 τά
652 2707 949 2788 βέλτιστα
987 2710 1149 2789 ἐμοῦ
1186 2710 1744 2789 πολιτευσαμένου
1778 2708 1965 2772 τουδὶ
1996 2734 2204 2772 κατα-

296 2811 671 2884 ψηφιεῖσθε,
695 2799 1136 2888 ἡμαρτηκέναι
1162 2805 1396 2887 δόξετε,
1415 2801 1495 2868 οὐ
1519 2810 1601 2887 τῇ
1624 2811 1739 2887 τῆς
1759 2802 1958 2888 τύχης
1981 2801 2202 2886 ἀγνω-

182 2899 557 2985 208μοσύνῃ
601 2899 675 2966 τοὶ
725 2902 1067 2985 συμβάντα
1110 2911 1367 2967 παθεῖν.
1454 2900 1599 2968 ἀλλ’
1650 2899 1773 2966 οὐκ
1820 2906 2030 2984 ἔστιν,
2077 2902 2201 2968 οὐκ

247 3052 250 3054 ,
299 3002 475 3061 ἔστιν
499 2998 675 3074 ὅπως
696 2996 1045 3084 ἡμάρτετε,
1082 2999 1320 3082 ἄνδρες
1338 2998 1711 3083 Ἀθηναῖοι,
1749 2997 1869 3066 τὸν
1893 2998 2060 3082 ὑπὲρ
2088 3008 2202 3084 τῆς

299 3091 613 3160 ἁπάντων
637 3098 1014 3181 ἐλευθερίας
1039 3099 1144 3164 καὶ
1170 3106 1488 3182 σωτηρίας
1513 3103 1833 3164 κίνδυνον
1861 3098 2202 3182 ἀράμενοι,

301 3192 388 3276 μοὶ
425 3193 580 3270 τοῦς
613 3201 999 3279 Μαραθῶνι
1045 3196 1739 3278 προκινδυνεύσαντας
1771 3206 1908 3262 τῶν
1952 3196 2205 3282 προγό-

302 3316 440 3364 νων
478 3293 584 3356 καὶ
619 3289 773 3369 τοῦς
814 3295 885 3359 ἐν
907 3300 1262 3372 Πλαταιαῖς
1299 3300 1883 3381 παρα-ταξαμένους
1916 3294 2203 3370 καὶτοὺς

302 3391 372 3452 ἐν
407 3397 733 3474 Σαλαμῖνι
767 3393 1307 3477 ναυμαχήσαντας
1340 3396 1450 3460 καὶ
1489 3394 1646 3471 τοῦς
1690 3393 1791 3460 ἐπ’
1824 3392 2199 3477 Ἀρτεμισίῳ

302 3488 410 3551 καὶ
448 3485 733 3567 πολλοὺς
768 3492 1024 3575 ἐτέρους
1057 3490 1212 3570 τοὺς
1246 3496 1321 3559 ἐν
1352 3506 1485 3571 τοῖς
1531 3497 1862 3577 δημοσίοις
1904 3490 2202 3574 μνήμασι
