2622 4065
659 319 909 378 ΠΕΡΙ
952 319 1152 377 ΤΟΥ
1186 319 1775 379 ΣΤΕΦΛΝΟΤ.
2075 319 2203 380 259

86 489 89 490 ⁷
166 504 275 556 225
292 485 665 563 προλαβεῖν.
715 476 846 543 ἀλλ’
874 476 996 543 οὐκ
1020 470 1139 560 ἦν,
1177 476 1389 560 οἶμαι,
1426 478 1607 561 τότε,
1645 475 1685 543 ὃ
1707 481 1863 543 νυνὶ
1887 494 2089 561 ποιεῖ,
2126 486 2197 546 ἐκ

292 585 591 642 παλαιῶν
612 577 874 660 χρόνων
895 577 1003 641 καὶ
1038 577 1483 659 ψηφισμάτων
1516 586 1786 644 πολλῶν
1825 581 2195 657 ἐκλέξαντα,

290 671 334 738 ὁὶ
357 674 515 759 μήτε
541 673 814 760 προῄδει
833 675 1060 796 μηδεὶς
1081 671 1221 756 μήτ’
1241 669 1327 737 ἂν
1353 671 1541 758 ᾠήθη
1566 675 1853 759 τήμερον
1880 679 2194 761 ῥηθῆναι,

290 772 783 855 διαβάλλειν,κ
745 774 850 836 καὶ
883 772 1359 854 μετενεγκόντα
1393 770 1548 847 τοὺς
1579 773 1861 855 χρόνους
1894 778 2004 839 καὶ
2027 799 2197 855 προ-

291 870 524 952 φασεις
558 868 703 935 ἀντὶ
735 877 870 933 τῶν
906 867 1179 953 ἀληθῶν
1219 873 1485 948 ψευδεῖς
1521 874 1890 951 μεταθέντα
1913 886 2050 947 τοῖς
2073 894 2197 935 πε·-

83 977 85 979 ’
162 988 269 1040 226
288 972 682 1050 πραγμένοις
707 971 929 1032 δοκεῖν
949 993 1010 1030 τι
1032 970 1266 1049 λέγειν.
1331 992 1453 1030 ουκ
1484 969 1572 1049 ἠν
1595 968 1739 1031 τότε
1761 974 2002 1050 ταῦτα,
2053 964 2189 1033 αλλ’

286 1067 388 1130 ἐπὶ
422 1074 534 1147 τῆς
566 1064 913 1146 αληθείας,
961 1061 1154 1146 ἐγγυς
1177 1070 1316 1127 τεᾶν
1348 1068 1593 1146 ἔργων,
1639 1066 1734 1127 ἔτι
1755 1065 2192 1146 μεμνημένων

281 1159 475 1243 ὑμῶν
516 1164 625 1226 καὶ
669 1161 881 1244 μόνον
905 1160 1028 1226 οὐκ
1076 1164 1146 1225 ἐν
1179 1174 1318 1236 ταῖς
1353 1164 1578 1243 χερσὶν
1614 1162 1855 1225 ἕκαστα
1878 1161 2188 1246 ἐχόντων,

282 1257 522 1333 πάντες
547 1256 865 1339 ἐγίγνοντ’
895 1253 979 1321 αν
1012 1263 1078 1322 οἱ
1110 1258 1313 1339 λόγοι
1378 1258 1606 1340 διόπερ
1641 1256 1799 1335 τούς
1838 1284 1970 1341 παρ
2014 1258 2185 1324 αὕτα

278 1381 358 1418 τα
381 1352 699 1437 πράγματ’
728 1358 1028 1437 ἐλέγχους
1052 1380 1291 1437 φυγων
1316 1363 1444 1418 νῦν
1469 1354 1644 1437 ἥκει,
1684 1355 1985 1437 ρητόρων
2009 1383 2183 1437 αγω-

278 1477 362 1515 να
384 1456 685 1533 νομίζων,
713 1450 800 1525 ω’ς·
821 1477 861 1531 γ
901 1454 1043 1532 ἐμοὶ
1069 1455 1278 1532 δοκεῖ,
1325 1453 1432 1515 καὶ
1458 1476 1534 1514 ου
1539 1452 1601 1531 χι
1626 1476 1760 1514 των
1795 1462 2188 1518 πεπολιτευ-

276 1554 496 1629 μένων
521 1551 810 1625 ἐξέτασιν
836 1547 1134 1631 ποιήσειν
1157 1546 1361 1631 ὑμας,
1399 1550 1509 1613 καὶ
1532 1548 1737 1629 λόγου
1761 1555 2013 1634 κρίσιν,
2040 1549 2186 1635 ουχὶ

274 1652 394 1710 τοῦ
418 1654 500 1731 τῇ
523 1646 710 1711 πόλει
734 1650 1186 1729 συμφέροντος
1210 1651 1495 1710 ἔσεσθαι.

98 1773 100 1775 ·
154 1762 258 1813 227
444 1751 526 1807 Ε
527 1769 606 1807 τα
630 1749 978 1825 σοφίζεται,
1007 1745 1115 1807 και
1140 1746 1302 1825 φησι
1326 1744 1723 1826 προσήκειν,
1749 1739 1828 1829 ἧς
1851 1773 1973 1828 μεν
1998 1756 2183 1812 οἴκο-

273 1848 402 1904 θεν
423 1837 601 1922 η’κετ’
632 1846 885 1921 ἔχοντες
922 1840 1112 1923 δόξης
1146 1842 1294 1923 περὶ
1328 1838 1519 1923 ἡμων
1554 1839 1907 1925 αμελῆσαι,
1957 1842 2180 1929 ὥσπερ

276 1935 363 2019 δ’,
391 1934 553 2001 ὅταν
580 1936 870 2019 οἰόμενοι
891 1952 1212 2017 περιεῖναι
1230 1938 1529 2022 χρήματα
1552 1964 1642 2025 τφ
1666 1945 2021 2023 λογίζησθε
2037 1993 2054 2024 9
2095 1940 2180 2009 ἄν

274 2037 563 2117 καθαραὶ
589 2026 749 2098 αἷσιν
774 2040 845 2098 αἱ
863 2043 1077 2116 ψῆφοι
1108 2040 1216 2101 καὶ
1238 2037 1444 2119 μηδὲν
1481 2047 1674 2122 περιῇ
1691 2091 1708 2123 9
1759 2057 2175 2123 συγχωρεῖτε,

276 2128 449 2194 οὕτω
474 2132 582 2195 καὶ
614 2140 745 2194 νῦν
767 2147 899 2206 τοις
922 2136 991 2196 ἐκ
1017 2141 1137 2196 τοῦ
1172 2135 1378 2215 λόγου
1417 2140 1842 2219 φαινομένοις
1879 2143 2169 2221 προσθέ-

107 2298 109 2300 ,
274 2238 449 2292 σθαι.
515 2230 860 2293 θεασασθε
885 2236 1114 2294 τοίνυν
1154 2257 1239 2306 ως
1273 2230 1569 2315 σαθρὸν,
1621 2259 1705 2308 ως
1743 2239 1988 2315 ἔοικεν,
2036 2243 2166 2301 ἔστι

151 2348 256 2400 228
275 2326 473 2409 φύσει
494 2350 629 2390 παν
654 2325 693 2390 0'
715 2352 775 2390 τι
799 2354 883 2390 αν
904 2325 990 2410 μὴ
1019 2333 1280 2403 δικαίως
1303 2355 1345 2413 η
1382 2332 1865 2412 πεπραγμένον.
1935 2359 2004 2396 εκ
2038 2332 2168 2415 γὰρ

274 2421 485 2487 αὐτοῦ
518 2431 640 2487 τοῦ
676 2433 895 2505 σοφοῦ
918 2425 1172 2490 τούτου
1218 2433 1739 2510 παραδείγματος
1786 2426 2168 2513 ωμολόγηκε

268 2525 397 2582 νῦν
438 2517 502 2599 γ’
543 2517 714 2600 ἡμᾶς
760 2518 1079 2603 ὑπάρχειν
1126 2526 1584 2606 ἐγνωσμένους
1630 2527 1740 2608 ἐμὲ
1783 2527 1905 2608 μὲν
1951 2531 2167 2610 λέγειν

269 2613 435 2696 ὑπὲρ
458 2623 571 2698 τῆς
595 2623 934 2699 πατρίδος,
982 2617 1188 2684 αὐτὸν
1222 2618 1283 2684 δ’
1309 2619 1477 2702 ὑπὲρ
1515 2628 1849 2688 Φιλίππου
1872 2650 1884 2660 ·
1932 2622 2014 2688 οὐ
2035 2625 2165 2710 γαρ

270 2710 352 2778 ἂν
397 2720 814 2795 μεταπείθειν
858 2713 1028 2797 ὑμᾶς
1069 2717 1273 2799 ἐζήτει
1316 2714 1402 2801 μὴ
1451 2717 1755 2802 τοιαύτης
1812 2718 2014 2804 οὔσης
2052 2731 2167 2805 τῆς
2185 2748 2288 2803 304

144 2830 251 2885 229
268 2807 686 2895 ὑπαρχούσης
708 2807 1096 2895 ὑπολήψεως
1118 2817 1267 2895 περὶ
1292 2816 1623 2897 ἑκατέρου.
1681 2820 1791 2881 καὶ
1816 2817 1946 2900 μὴν
1972 2818 2072 2884 ὅτι
2095 2847 2170 2901 γε

98 2912 100 2914 ’
271 2906 350 2973 οὐ
378 2913 593 2974 δίκαια
626 2913 799 2992 λέγει
833 2913 1242 2994 μεταθέσθαι
1274 2914 1523 2996 ταύτην
1557 2910 1680 2997 τὴν
1717 2916 1921 2991 δόξαν
1946 2914 2167 3001 ἀξιῶν,

240 3084 241 3087 ¹
268 3003 394 3087 ἐγω
421 3007 654 3084 διδάξω
681 3011 949 3093 ῥᾳδίως,
990 3007 1071 3074 οὐ
1106 3012 1311 3086 τιθεὶς
1337 3011 1601 3095 ψήφους
1639 3010 1750 3093 (οὐ
1774 3014 1902 3097 γάρ
1927 3016 2105 3079 ἐστιν
2132 3015 2165 3080 ὁ

266 3128 403 3167 τωιν
426 3128 827 3226 πραγματων
852 3132 1044 3182 ουτος
1066 3109 1408 3193 λογισμός)
1427 3161 1443 3189 9
1483 3108 1617 3174 αλλ’
1641 3109 2169 3233 ἀναμιμνήσκω-ν

268 3202 506 3267 ἕκαστα
550 3206 619 3268 ἐν
660 3208 955 3287 βραχέσι,
1002 3214 1331 3287 λογισταῖς
1376 3206 1508 3289 ἅμα
1553 3209 1662 3272 καὶ
1707 3229 1992 3291 μαρτυσι
2033 3226 2169 3289 τοῖς

268 3297 631 3365 ακούουσιν
655 3316 812 3384 υμιν
833 3328 1183 3386 χρωμενος.
1231 3331 1269 3387 η
1296 3330 1422 3387 γαρ
1449 3301 1564 3388 ἐμὴ
1594 3312 1887 3371 πολιτεία
1903 3359 1919 3389 9
1945 3310 2020 3391 ῆς
2045 3312 2165 3375 οὑ-

266 3422 377 3473 τος
398 3415 773 3484 κατηγορει,
813 3399 958 3467 αντὶ
990 3429 1110 3485 μεν
1135 3411 1256 3468 τοῦ
1290 3408 1623 3522 Θηβαίους
1645 3429 1806 3487 μετα
1833 3411 2162 3471 Φιλίππου

83 3494 84 3497 “
143 3510 250 3562 230
266 3503 701 3580 συνεμβαλειν
723 3504 812 3575 εἰς
832 3498 952 3583 τὴν
974 3500 1217 3586 χώραν,
1234 3498 1271 3568 ὃ
1294 3526 1535 3579 παντες
1559 3499 1787 3590 φὀντο,
1805 3500 1947 3584 μεθ’
1973 3501 2165 3587 ἡμῶν

88 3598 90 3600 ·
1771 3585 1879 3651 17*
