2622 4065
426 305 547 365 302
840 311 971 366 X1x.
1061 257 1746 402 ΛῌΜοΣοΕΝο
1769 310 1900 366 ΤΣ

425 487 559 549 τοῖς
585 475 896 555 Θηβαίοις
919 468 1120 529 πλέον
1143 463 1309 529 εἶναι
1332 464 1569 548 μηδὲν,
1616 471 1681 530 τί
1713 465 1795 531 οὐ
1829 472 2130 549 γέγονεν;
2178 475 2236 534 εἰ
2258 469 2326 535 δὲ

427 596 607 653 παρα
653 565 724 633 τὸ
771 564 1261 647 προαισθέσθαι
1294 564 1690 648 κεκώλυται,
1736 571 1831 641 τίς
1864 564 1898 630 ὃ
1936 566 2325 685 ἐκλαλήσας,

337 685 407 739 43
431 668 553 752 οὐχ
588 659 810 742 οὖτοςς
858 660 1005 728 αλλ’
1048 658 1191 726 ου’τ’
1241 666 1512 744 ε’μελλεν
1555 660 1694 727 οὔτ’
1754 663 2092 747 ἐβουλήθη
2136 661 2320 728 ταῦτ’

433 766 581 833 οὐδ’
617 767 893 849 ἤλπισεν
927 753 1153 843 οὗτος,
1204 758 1369 824 ώστε
1404 766 1526 824 τοῦ
1546 757 1608 841 γ’
1650 762 2148 843 ἐκλελαληκέναι
2170 757 2322 843 μηδ’

432 872 645 931 αἰτίαν
676 865 902 946 ἐχέτω·
950 855 1114 923 ἄλλα
1152 863 1632 940 φενακισθῆναι
1669 871 1800 933 τοις
1835 859 2053 940 λόγοις
2076 858 2330 935 τούτοις

428 962 601 1047 ὑμᾶς
625 967 786 1043 ἔδει,
826 961 933 1024 καὶ
959 961 1121 1039 ἐμοῦ
1143 955 1398 1039 τάληθῆ
1425 952 1510 1039 μὴ
1536 957 1848 1039 ἐθελῆσαι
1870 954 2150 1020 ἀκοῦσαι
2167 1006 2183 1037 ,
2218 957 2330 1020 καὶ

430 1059 674 1136 αὐτοὺς
701 1069 871 1137 οἴκοι
895 1067 1305 1138 καταμεῖναι,
1330 1055 1436 1118 καὶ
1459 1052 1760 1135 ψήφισμα
1785 1059 2047 1136 νικῆσαι
2068 1058 2328 1117 τοιοῦτο

431 1157 519 1224 δι’
545 1150 631 1223 οὗ
655 1165 906 1231 Φωκεῖς
930 1153 1350 1219 ἀπολοῦνται.
1423 1147 1526 1214 διὰ
1551 1146 1735 1213 ταῦτ’
1765 1151 2099 1213 ἐσπαθᾶτο
2123 1157 2331 1213 ταῦτα

427 1257 535 1321 καὶ
561 1254 666 1320 διὰ
689 1250 875 1318 ταῦτ’
904 1254 1386 1333 ἐδημηγορεῖτο.
2346 1257 2446 1313 355

335 1376 404 1428 44
589 1351 881 1417 Ἀκούων
902 1356 1133 1414 τοίνυν
1158 1342 1281 1427 ἐγω
1308 1349 1665 1427 τηλικαῦτα
1688 1345 1797 1408 καὶ
1818 1350 2091 1407 τοιαῦτα
2128 1346 2332 1424 ἐπαγ-

429 1452 827 1533 γελλομένου
849 1446 1111 1526 τούτου,
1133 1446 1240 1508 καὶ
1265 1440 1550 1525 αἶκριβοὸς
1572 1441 1756 1517 εἰδώς
1780 1438 1878 1506 ὅτι
1898 1440 2229 1523 ψεύδεται,
2246 1473 2331 1485 -·
2405 1436 2407 1438 ’

431 1550 540 1613 καὶ
565 1547 764 1628 ὅθεν,
791 1543 1024 1629 φράσω
1051 1540 1214 1623 πρὸς
1237 1538 1440 1623 ὑμᾶς,
1486 1547 1750 1657 πρώτον
1775 1542 1892 1622 μὲν
1917 1541 1986 1604 ἐκ
2022 1547 2174 1622 τοῦ,
2221 1535 2330 1603 ὅτε

430 1643 585 1721 τούς
620 1643 861 1724 ὅρκους
904 1649 1131 1724 ἔμελλε
1162 1646 1489 1713 Φίλιππος
1524 1635 1808 1720 ὀμνύναι
1840 1636 1993 1713 τοὺς
2029 1637 2174 1720 περὶ
2218 1641 2327 1718 τῆς

432 1742 727 1826 εἰρήνης,
773 1738 1178 1812 ἐκσπόνδους
1203 1733 1681 1818 ἀποφανθῆναι
1713 1761 1869 1812 τους
1894 1737 2162 1810 Φωκέας
2195 1731 2326 1797 ὑπὸ

429 1839 706 1917 τούτων,
735 1833 773 1902 ὃ
794 1856 1052 1902 σιωπαν
1074 1836 1184 1899 καὶ
1205 1837 1322 1898 ἐᾶν
1347 1830 1520 1908 εἰκὸς
1542 1837 1659 1916 ἠν,
1687 1842 1864 1914 εἴπερ
1898 1840 2176 1916 ἔμελλον
2198 1829 2334 1894 σώ-

404 1944 689 2015 ζεσθαι·
740 1939 958 1997 ἔπειτα
1001 1935 1072 1996 ἐκ
1119 1957 1238 1995 του
1285 1929 1370 2014 μὴ
1417 1956 1572 2005 τους
1615 1955 1789 2013 παρα
1832 1937 1951 1995 τοῦ
1998 1935 2332 1994 Φιλιππου

432 2037 735 2119 πρέσβεις
757 2040 965 2098 ταῦτα
988 2035 1204 2114 λέγειν
1226 2029 1388 2114 μηδὲ
1407 2027 1531 2113 τήν
1565 2028 1913 2112 ἐπιστολὴν
1948 2053 2069 2111 την
2093 2032 2333 2093 Φιλίπ-

342 2147 407 2200 45
428 2158 580 2217 που,
607 2130 767 2198 ἀλλὰ
796 2139 1051 2196 τοῦτον.
1101 2132 1170 2194 ἐκ
1192 2129 1449 2192 τούτων
1472 2130 1593 2190 οὐν
1615 2124 2141 2209 τεκμαιρόμενος,
2168 2121 2335 2188 ἀνα-

428 2232 584 2308 στας
607 2257 715 2296 και
739 2226 1102 2313 παρελθών
1137 2227 1509 2308 ἐπειρώμην
1544 2252 1663 2308 μεν
1700 2224 2097 2306 αντιλέγειν,
2146 2248 2230 2297 ως
2265 2218 2329 2285 δ’

428 2328 702 2394 ἀκούειν
737 2326 861 2391 οὐκ
894 2325 1196 2408 ἠθέλετε,
1243 2322 1524 2405 ἡσυχίαν
1557 2328 1778 2404 ἔσχον,
1822 2327 2098 2385 τοσοῦτο
2125 2317 2334 2401 μόνον

431 2423 1045 2510 διαμαρτυράμενος
1080 2424 1212 2508 (καὶ
1249 2418 1414 2501 πρὸς
1436 2415 1600 2494 Διὸς
1622 2419 1730 2483 καὶ
1751 2423 1936 2483 θεῶν
1960 2414 2335 2499 ἀναμιμνή-

431 2531 702 2605 σκεσθε)
734 2520 834 2591 ὅτι
862 2546 1069 2586 ταυτα
1095 2516 1226 2587 ούτ’
1256 2517 1401 2583 οἶδα
1426 2516 1510 2582 οὕ
1518 2543 1579 2581 τε
1601 2522 1923 2598 κοινωνῶ,
1951 2518 2332 2595 προσέθηκα

430 2624 499 2689 δε
526 2650 612 2699 ως
636 2620 792 2687 ουδε
817 2622 1185 2702 προσδοκῶ
1236 2618 1516 2698 τραχέως
1540 2611 1652 2678 δ’
1620 2640 1805 2697 υμων
1826 2620 1916 2700 τῷ
1940 2610 2101 2696 μηδε
2125 2630 2333 2694 προσ-

428 2728 636 2788 δοκαν
682 2721 1011 2804 σχόντων,
1058 2719 1168 2782 καὶ
1213 2715 1390 2791 ὅπως
1433 2740 1539 2797 γε,
1599 2716 1647 2776 ώ
1696 2712 1932 2792 ἄνδρες
1971 2708 2330 2791 Ἀθηναιοι,

429 2827 633 2904 ε’φην,
681 2818 765 2882 ἄν
800 2844 860 2881 τι
896 2816 1154 2881 τούτων
1175 2824 1505 2895 γίγνηται,
1551 2809 1830 2883 τούτους
1854 2833 1973 2891 μεν
1998 2807 2334 2872 ἐπαινέσε-

431 2926 557 2982 σθε
580 2918 689 2980 καὶ
711 2914 1010 2997 τιμήσετε
1031 2914 1141 2976 καὶ
1165 2906 1638 2991 στεφανώσετε,
1664 2904 1772 2988 ἐμε
1798 2904 1866 2968 δε
1890 2904 2007 2987 μή
2044 2902 2152 2969 καὶ
2176 2905 2336 2985 μέν·-

429 3041 531 3082 τοι
555 3040 687 3079 καν
709 3038 771 3078 τι
794 3038 930 3077 των
953 3014 1305 3091 ἐναντίων,
1334 3005 1511 3082 ὅπως
1531 3002 1789 3081 τούτοις
1812 2999 2177 3086 ὀργιεισθε·
2204 2997 2330 3082 ἐγω

345 3112 496 3185 46δ’
537 3111 917 3195 αφίσταμαι
985 3105 1074 3192 μὴ
1113 3134 1274 3191 νυν,
1326 3101 1684 3188 ὑπολαβών
1719 3108 1844 3186 ε’φη
1867 3106 2179 3184 Αἰσχίνης
2214 3096 2336 3165 οὑ-

431 3215 608 3292 τοσὶ,
634 3212 720 3295 μὴ
746 3217 876 3274 νῦν
900 3208 1258 3326 ἅφιστασο,
1305 3203 1454 3270 αλλ’
1486 3202 1664 3279 ὅπως
1686 3201 1831 3267 τότε
1857 3200 1941 3284 μὴ
1970 3194 2337 3281 προσποιή-

433 3330 549 3376 σει.
612 3307 693 3392 νὴ
719 3314 881 3384 Δία,
917 3302 960 3389 ἢ
985 3306 1274 3388 ἀδικήσω
1297 3300 1363 3386 γ’
1371 3355 1388 3387 ,
1416 3310 1602 3387 ἐᾛφην
1672 3298 2038 3373 ἐπαναστας
2061 3294 2119 3361 δ’
2151 3292 2184 3361 ὁ
2212 3300 2336 3359 Φι·

433 3409 771 3492 λοκρατης
794 3405 971 3492 μαλα
1005 3402 1399 3488 υβριστικως
1437 3400 1663 3484 οὐδεν,
1711 3406 1870 3482 ἐφη,
1918 3388 2333 3476 θαυμαστὸν,

436 3534 485 3572 ω
514 3505 750 3584 ἄνδρες
767 3503 1130 3588 Ἀθηναῖοι,
1157 3499 1241 3584 μὴ
1266 3497 1472 3565 ταύτα
1498 3502 1636 3582 ἐμοὶ
1658 3524 1764 3562 και
1745 3492 2200 3576 Λημοσθενει
2223 3493 2338 3554 δο-
