2622 4065
480 334 742 398 ΠΕΡΙ
802 338 1016 397 ΤΗΣ
1070 318 1990 404 ΠΑΡΑΠΡΕΣΒΕΙΑΣ.
2070 343 2197 405 305

283 494 662 578 Ἀθηναίων
704 502 1006 581 πρέσβεις
1038 497 1434 618 Ἀθηναίους
1476 504 1803 578 ἐξαπατᾶν
1857 510 2198 589 τολμῆσαι,

197 601 202 606 ”
292 590 437 657 ἀλλ’
479 591 645 659 εἶναι
677 591 863 669 ταῦτ’
904 592 1175 680 αληθῆ
1146 595 1190 660 α’
1211 589 1407 674 οὗτος
1430 596 1798 683 ἀπήγγελλε
1821 601 1987 723 “9³59
2007 599 2200 688 ὑμᾶς,

196 700 272 751 54
288 691 399 755 καὶ
421 704 554 766 τοῖς
574 693 936 776 Θηβαίοις
905 693 1109 777 ήκειν,
1135 694 1255 778 οὐχ
1279 694 1502 773 αὐτοῖς
1523 696 1831 782 όλεθρον.
1880 692 2057 784 ἦσαν
2079 699 2203 768 αλ·-

287 795 391 852 λοι
412 786 582 863 τινὲς
606 794 673 853 οἳ
691 790 964 872 πάσχειν
985 789 1212 857 ὁτιουν
1234 794 1346 859 καὶ
1372 791 1751 876 αμύνεσθαι
1773 802 1912 864 δεῖν
1947 796 2195 887 ςόοντο·

286 880 452 950 αλλα
491 887 601 949 καὶ
640 887 917 965 τούτους
951 888 1287 971 μαλακους
1324 893 1589 975 ἐποίησε
1620 891 1694 960 τὸ
1718 893 1838 961 τόν
1860 904 2195 964 Φίλιππον

283 981 603 1067 ύπαρχειν
640 982 861 1062 αὑτοῖς
898 996 1287 1072 πεισθῆναι,
1335 992 1446 1055 καὶ
1477 989 1551 1055 τό
1590 990 1778 1057 ταυτ’
1808 999 1867 1058 εἰ
1885 992 1972 1077 μὴ
1999 996 2195 1078 ποιή-

283 1100 518 1146 σουσιν
549 1080 721 1165 ὑμᾶς
756 1083 860 1147 ἐπ’
899 1082 1144 1160 αὐτοὺς
1174 1084 1393 1170 ἥξειν,
1440 1085 1558 1164 οὓς
1578 1091 1949 1174 βοηθήσειν
1972 1089 2194 1170 αὐτοῖς

279 1176 552 1261 ἤλπιζον
585 1183 840 1248 ἐκεῖνοι.
911 1182 1076 1249 ἀλλὰ
1109 1187 1218 1249 καὶ
1253 1187 1636 1267 μεταμέλειν
1670 1183 1829 1270 ὑμῖν
1855 1186 2069 1275 ᾤοντό
2092 1216 2192 1255 τι-

278 1300 390 1352 νες
414 1284 871 1362 πεποιημένοις
892 1283 1015 1365 τήν
1039 1281 1203 1366 πρὸς
1228 1289 1558 1349 Φίλιππον
1583 1285 1883 1371 εἰρήνην·
1929 1288 2189 1365 τούτοις

280 1371 381 1437 ὅτι
401 1376 510 1439 και
529 1389 662 1451 τοϊς
682 1378 978 1459 ἐκγόνοις
999 1378 1121 1462 τὴν
1147 1378 1361 1464 αὐτὴν
1383 1383 1794 1465 ἐψηφίσασθ’
1830 1389 2186 1469 ἐπέδειξαν,

282 1467 448 1535 ω’στε
483 1481 776 1556 πανταχῆ
805 1472 884 1537 τὰ
923 1475 1083 1555 παρ’
1119 1474 1310 1559 ὑμῶν
1342 1476 1883 1564 ἀπογνωσθῆναι.
1953 1482 2185 1564 διόπερ

189 1564 323 1628 55““’
279 1590 537 1634 απαντα
572 1577 777 1635 ταῦτα
813 1577 905 1649 εἰς
939 1576 1013 1637 ἓν
1057 1573 1365 1659 ψήφισμα
1412 1577 1927 1644 συνεσκεύασαν.
1998 1578 2037 1645 ὃ
2077 1583 2186 1647 καὶ

274 1668 582 1748 μέγιστον
615 1672 833 1752 ἔμοιγε
869 1674 1183 1736 δοκοῦσιν
1216 1695 1531 1738 απαντων
1564 1671 1736 1757 υμᾶς
1766 1672 2183 1760 ἠδικηκέναι·

272 1759 343 1826 τὸ
370 1788 499 1846 γαρ
522 1763 686 1847 πρὸς
709 1764 920 1848 ανδρα
943 1768 1199 1851 θνητὸν
1222 1772 1331 1835 καὶ
1356 1771 1461 1835 δια
1484 1774 1758 1857 καιρούς
1777 1800 1960 1852 τινας
1994 1777 2183 1859 ἰσχύ-

272 1882 431 1922 οντα
490 1884 869 1942 γραφοντας
923 1867 1194 1983 εἰρήνην
1248 1866 1595 1936 ἀθάνατον
1639 1877 2017 1939 συνθέσθαι
2058 1876 2183 1958 τὴν

268 1981 434 2019 κατα
458 1963 572 2038 τῆς
594 1958 844 2036 πόλεως
872 1964 1224 2048 αἰσχύνην,
1250 1969 1360 2032 καὶ
1386 1964 1830 2054 αποστερῆσαι
1851 1970 1938 2055 μὴ
1965 1972 2180 2056 μόνον

266 2060 401 2117 τῶν
423 2053 677 2137 ἄλλων,
704 2054 870 2123 αλλα
893 2063 1001 2125 και
1023 2089 1159 2127 των
1180 2087 1358 2149 παρα
1394 2074 1511 2149 τῆς
1545 2067 1743 2151 τύχης
1779 2067 2179 2155 εύεργεσιων

265 2147 387 2232 τὴν
409 2150 633 2235 πόλιν,
650 2155 757 2218 καὶ
781 2157 1067 2242 τοσαύτῃ
1090 2168 1435 2248 περιουσία
1456 2165 1833 2247 χρήσασθαι
1857 2176 2178 2251 πονηρίας

267 2244 432 2312 ω’στε
466 2247 552 2333 μὴ
589 2251 802 2332 μόνον
835 2253 990 2331 τούς
1014 2255 1209 2334 όντας
1224 2257 1654 2345 Ἀθηναίους,
1701 2262 1868 2329 ἄλλα
1892 2268 2001 2331 καὶ
2021 2266 2178 2345 τοὺς

263 2341 551 2427 ύστερόν
596 2370 753 2413 ποτε
789 2358 1145 2433 μέλλοντας
1181 2361 1450 2422 ἐσεσθαι
1484 2361 1736 2440 πάντας
1770 2361 2174 2450 ἠδικηκέναι,

175 2454 242 2506 56
261 2466 401 2517 πως
425 2441 568 2525 οὐχι
591 2446 953 2514 πανδεινόν
976 2456 1142 2531 εστι;
1166 2462 1363 2520 τοῦτο
1388 2463 1618 2522 τοίνυν
1642 2455 1967 2526 οὐδέποθ’
1993 2460 2176 2547 υμεϊς

260 2535 642 2618 υπεμεινατ’
673 2568 761 2605 αν
781 2543 1066 2627 ὕστερον
1089 2554 1514 2632 προσγράψαι
1537 2555 1700 2635 πρὸς
1720 2583 1843 2639 την
1879 2561 2172 2644 εἰρήνην,
2204 2585 2206 2587 ·

258 2634 331 2699 τὸ
368 2637 477 2701 καὶ
510 2651 644 2715 τοις
679 2641 1008 2726 ἐκγόνοις,
1060 2644 1225 2729 εἰμὴ
1251 2662 1388 2722 ταῖς
1411 2671 1543 2730 παρ
1556 2649 1916 2734 Ἀἰσχίνου
1939 2658 2174 2738 ρηθεί-

160 2726 163 2729 Χ
260 2749 404 2810 σαις
438 2733 828 2821 υποσχέσεσι
863 2738 999 2807 τότ’
1042 2744 1498 2830 ἐπιστεύσατε,
1549 2743 1782 2833 αἷσπερ
1818 2755 1887 2815 οι
1919 2757 2172 2830 Φωκεῖς

187 2835 200 2842 ”
258 2831 725 2912 πιστεύσαντες
746 2835 1109 2905 ἀπώλοντο
1179 2844 1288 2907 καὶ
1324 2867 1450 2926 γαρ
1487 2871 1588 2911 τοι
1611 2849 2021 2931 παραδόντες
2046 2850 2171 2917 αὑ-

88 2938 90 2940 ’
168 2950 172 2955 ·
256 2927 412 3004 τους
432 2936 732 3019 Φιλίππῳ
758 2938 866 3001 καὶ
889 2938 1147 3016 ἑκόντες
1168 2943 1640 3026 ἐγχειρίσαντες
1658 2951 1885 3035 ἐκείνῳ
1905 2975 2022 3028 τας
2044 2954 2173 3019 πό-
2186 2976 2296 3029 359

256 3032 391 3100 λεις
439 3023 755 3095 ἁπαντων
797 3059 936 3098 των
1003 3039 1323 3104 ἐναντίων
1400 3069 1497 3107 ων
1542 3045 1709 3129 πρὸς
1752 3074 1928 3132 υμας
1972 3043 2170 3130 ούτος

207 3156 209 3158 v
257 3117 651 3206 ἀπήγγειλεν
709 3133 959 3213 ἕ.τυχον

166 3227 235 3283 57
407 3219 546 3288 Ἰνα
587 3223 649 3289 δ’
691 3232 903 3311 εἰδῆτε
935 3242 1162 3316 σαφως
1185 3234 1284 3300 ὅτι
1308 3238 1515 3305 ταῦθ’
1542 3239 1717 3307 οὕτω
1741 3246 1851 3310 καὶ
1875 3244 1984 3312 δια
2006 3250 2168 3316 τού-

253 3343 408 3396 τους
431 3319 766 3410 ἆπόλωλε,
812 3354 967 3406 τους
988 3333 1273 3456 χρόνους
1297 3333 1457 3422 υμῖν
1480 3347 1834 3426 λογιοῦμαι
1855 3343 2015 3409 καθ’
2046 3343 2162 3422 οὑς

255 3416 547 3498 ἐγίγνεθ’
578 3421 836 3490 ἕκαστα.
903 3432 1049 3512 περὶ
1087 3456 1185 3495 ων
1220 3431 1283 3496 δ’
1324 3433 1410 3501 ἄν
1432 3464 1527 3515 τις
1550 3437 1857 3526 ἀντιλέγῃ
1877 3441 2158 3528 τούτων,

254 3506 540 3590 ἀναστας
562 3520 636 3582 ἐν
657 3528 749 3607 τῷ
772 3525 907 3607 ἐμῷ
925 3524 1118 3593 ύδατι
1142 3532 1404 3600 εἰπάτω.
1467 3564 1508 3620 η
1532 3541 1653 3620 μὲν
1673 3546 1904 3603 τοίνυν
1928 3541 2158 3626 εἰρήνη

337 3607 611 3668 Demusth
655 3616 771 3673 Vol
798 3618 1648 3675 1..
1782 3636 1851 3686 20
