2622 4065
388 331 514 391 3520
832 334 974 388 XIX.
1039 325 1871 390 ΔΗΜΟΣΘΕΝΟ-ΤΣ

390 504 579 575 χιεῖν,
603 486 890 563 καὶτοὺς
913 488 1033 571 μὲν
1057 490 1327 562 Φωκέας
1350 484 1471 551 οὐκ
1496 486 1787 569 ἀπολεῖν,
1809 487 1931 573 τὴν
1957 491 2027 557 δὲ
2057 499 2305 579 Θηβαί-
2382 487 2385 491 ’

399 616 496 655 ων
520 586 722 673 ὕβριν
746 586 1171 651 καταλύσειν·
1215 582 1248 650 ὁ
1276 585 1347 650 δὲ
1378 584 1532 662 τοὺς
1554 586 1675 669 μὲν
1698 594 2028 672 Θηβαίους
2049 596 2324 674 μείζους

396 684 442 773 ἢ
467 696 759 772 προσῆκε
784 692 1100 769 πεποίηκε
1118 735 1135 769 ,
1161 684 1319 760 τοὺς
1345 683 1414 748 δὲ
1437 688 1709 762 Φωκέας
1732 685 1943 770 ἄρδην
1963 686 2305 754 ἀπολώλε-

399 813 495 871 κε,
520 788 630 851 καὶ
652 783 768 861 τὰς
791 785 910 868 μὲν
936 781 1226 859 Θεσπιὰς
1248 785 1358 847 καὶ
1380 781 1713 858 Πλαταιὰς
1735 782 1816 847 ού
1836 790 2158 868 τετείχικε,
2183 785 2305 867 τὸν

402 883 473 948 δὲ
498 880 900 968 Ὀρχομενὸν
934 883 1042 948 καὶ
1076 879 1199 965 τὴν
1234 881 1624 966 Κορώνειαν
1660 882 2307 967 προσεξηνδραπόδι-ὲ

401 1002 567 1046 σται.
638 989 777 1057 πῶς
812 977 897 1045 ἂν
934 979 1370 1060 ἐναντιώτερα
1406 979 1737 1064 πράγμαθ’
1766 983 2017 1058 ἑαυτοῖς
2051 982 2308 1047 τούτων

399 1085 693 1162 γένοιτος
739 1081 821 1143 οὐ
868 1084 1100 1143 τοίνυν
1147 1075 1485 1159 ἀντεῖπεν,
1534 1076 1689 1142 οὐδὲ
1733 1083 1916 1162 διῆρε
1957 1078 2028 1144 τὸ
2076 1078 2306 1162 στόμα,

276 1177 382 1229 113
404 1175 552 1242 οὐδ’
582 1179 947 1260 ἐφθέγξατο
994 1179 1297 1240 ἐναντίον
1342 1174 1557 1241 οὐδέν.
1625 1178 1733 1240 καὶ
1779 1173 1923 1258 ούχὶ
1964 1176 2161 1240 τοῦτό
2207 1201 2308 1241 πω

404 1274 661 1357 δεινὸν,
702 1282 1093 1358 τηλικοῦτον
1130 1272 1236 1338 ὅν·
1298 1270 1463 1338 άλλοὶ
1500 1274 1609 1338 καὶ
1644 1287 1914 1337 συνεῖπε
1939 1273 2143 1355 μόνος
2176 1280 2311 1337 τῶν

404 1375 478 1437 ἐν
498 1380 576 1458 τῇ
602 1374 791 1438 πόλει
810 1372 1079 1438 πάντων
1101 1369 1338 1453 άνθρσό
1345 1395 1503 1436 πων.
1574 1377 1784 1434 καίτοι
1816 1368 2015 1434 τοῦτό
2056 1394 2131 1451 γε
2155 1367 2311 1434 οὐδὲ

408 1469 818 1553 Φιλοκράτης
864 1470 1178 1552 ἐτόλμησε
1223 1477 1489 1551 ποιῆσαι
1525 1466 1559 1533 ὁ
1604 1465 1853 1551 μιαρὸς,
1900 1464 2032 1531 ἀλλ’
2080 1473 2310 1549 Αἰσχί-

407 1595 527 1651 νης
553 1565 796 1633 οὑτοσί.
865 1570 973 1633 καὶ
1008 1567 1498 1650 θορυβούντων
1533 1563 1726 1649 ὑμῶν
1747 1567 1855 1630 καὶ
1888 1563 2011 1630 οὐκ
2041 1564 2309 1631 ἐθελόν-

406 1692 543 1730 των
567 1662 840 1729 άκούειν
863 1663 1072 1728 αὐτοῦ
1108 1670 1527 1747 καταβαίνων
1551 1662 1678 1728 άπὸ
1704 1672 1825 1728 τοῦ
1845 1664 2163 1747 βήματος,
2201 1666 2310 1726 ἐν·-

408 1761 834 1845 δεικνύμενος
856 1777 990 1837 τοῖς
1012 1764 1322 1845 πρέσβεσι
1344 1775 1476 1837 τοῖς
1491 1760 1667 1843 παρα
1692 1769 1815 1825 τοῦ
1828 1768 2159 1825 Φιλίππου
2182 1783 2310 1823 πα-
2347 1836 2349 1838 q

409 1868 625 1943 ροῦσι,
651 1859 986 1936 πολλους
962 1886 1085 1943 εφη
1118 1885 1273 1935 τους
1300 1864 1766 1973 θορυβοῦντας
1802 1857 2000 1940 εἶναι,
2047 1855 2310 1938 ὀλίγους

410 1961 481 2026 δε
525 1985 681 2035 τους
727 1962 1318 2042 στρατευομένους,
1377 1954 1537 2021 όταν
1582 1958 1695 2041 δέῃ
1713 2006 1730 2039 ,
1775 1956 2138 2039 (μέμνησθε
2181 1978 2309 2036 γαρ

406 2059 688 2149 δήπου,)
713 2055 912 2133 αὐτὸς
941 2084 1071 2140 ων,
1122 2055 1331 2139 οἶμαι,
1370 2053 1743 2135 θαυμάσιος
1789 2051 2208 2135 στρατιώτης,

402 2163 556 2221 Ζευ.
1417 2171 1420 2174 ’

282 2268 387 2318 114
559 2255 696 2319 ’Έτι
730 2260 997 2333 τοίνυν,
1047 2258 1106 2318 εί
1138 2278 1258 2334 μεν
1295 2253 1545 2335 μηδένα
1571 2249 1824 2332 μηδέν’
1801 2255 2029 2330 έχοντα
2055 2256 2311 2329 εἴχομεν

406 2357 608 2429 δεῖξαι
630 2359 766 2415 τῶν
790 2353 1151 2433 πρέσβεων,
1178 2346 1334 2429 μηδ’
1359 2350 1447 2429 ἠν
1485 2343 1639 2408 ὥστ’
1668 2349 1830 2407 ἰδεῖν
1853 2343 2164 2424 ἅπαντας,
2188 2348 2312 2425 βα-

407 2448 657 2523 σάνους
678 2450 786 2511 καὶ
809 2472 888 2510 τα
914 2441 1167 2510 τοιαυθ’
1198 2441 1568 2507 ὑπόλοιπον
1594 2467 1677 2505 αν
1701 2434 1786 2524 ἦν
1806 2453 2094 2505 σκοπεῖν.
2163 2444 2221 2503 εἰ
2241 2438 2312 2503 δε

408 2545 821 2629 Φιλοκράτης
843 2544 931 2627 μὴ
969 2543 1182 2627 μόνον
1208 2539 1531 2625 ὡμολόγει
1566 2538 1711 2623 παρ’
1737 2536 1894 2623 ὑμῖν
1917 2541 1987 2603 έν
2007 2546 2101 2626 τῷ
2124 2537 2307 2624 δήμῳ
2397 2612 2410 2616 ν

404 2643 739 2726 πολλάκις,
766 2642 934 2709 άλλόι
957 2644 1065 2708 καὶ
1088 2645 1424 2706 ἐδείκνυεν
1450 2638 1628 2723 ὑμῖν,
1655 2645 2090 2721 πυροπωλῶν,
2131 2642 2310 2702 οίκο-
2328 2647 2436 2705 376.

407 2749 655 2828 δομεόν,
679 2747 1057 2827 βαδιεῖσθαι
1080 2740 1384 2822 φάσκων,
1410 2733 1540 2802 κάν
1560 2734 1646 2820 μὴ
1671 2743 2081 2820 χειροτονῆτε
2103 2731 2309 2818 ὑμεῖς,

410 2848 744 2926 ξυληγῶν,
791 2841 864 2905 τό
900 2846 1177 2923 χρυσίον
1222 2834 1825 2917 καταλλαττόμενος
1869 2839 2173 2915 φανεροῖς
2206 2834 2311 2910 ἐπὶ

405 2954 547 3016 ταῖς
580 2941 957 3022 τραπέζαις,
1005 2934 1130 3001 οὐκ
1168 2942 1266 3001 ἔνι
1306 2935 1525 3019 δήπου
1556 2958 1798 2998 τουτον
1834 2937 2038 2997 εἰπεῖν
2074 2956 2162 3005 ως
2185 2927 2309 2993 οὐκ

286 3052 381 3103 115
404 3047 668 3121 εἰληφε,
711 3034 832 3100 τὸν
856 3031 1062 3100 αὐτὸν
1088 3033 1547 3118 ὁμολογοῦντα
1568 3033 1677 3098 καὶ
1701 3030 2063 3096 δεικνύντα.
2129 3034 2308 3093 ἔστιν

402 3140 530 3203 οὐν
551 3132 726 3199 ούτω
744 3159 842 3209 τις
863 3132 1255 3218 ανθρώπων
1277 3131 1563 3216 ἀνόητος
1585 3158 1624 3214 η
1652 3134 2102 3211 κακοδαίμων,
2129 3123 2307 3199 ὅστις

398 3239 510 3300 ἵνα
552 3233 861 3320 λαμβάνῃ
902 3235 1026 3317 μὲν
1070 3233 1484 3316 Φιλοκράτης
1505 3281 1524 3314 ,
1584 3227 1782 3315 ἀδοξῇ
1841 3226 1910 3292 δε
1957 3221 2155 3300 αὐτὸς
2196 3224 2306 3287 καὶ

393 3332 784 3419 κινδυνεύη,
807 3329 955 3410 ἐξὸν
979 3328 1155 3417 αύτῷ
1174 3357 1333 3414 μετα
1359 3356 1492 3395 των
1513 3329 1718 3415 μηδεν
1739 3325 2148 3413 ηδικηκότων
2170 3325 2306 3400 ἐξε-

392 3433 730 3515 τάξεσθαι,
754 3430 1013 3507 τούτοις
1034 3429 1155 3515 μὲν
1179 3440 1507 3515 πολεμεῖν,
1532 3425 1698 3515 πρὸς
1721 3424 1781 3493 δ’
1807 3431 2063 3494 ἐκεῖνον
2083 3418 2304 3489 ἐλθων

390 3537 744 3613 κρίνεσθαι
797 3531 1137 3611 βούλεται;
1200 3528 1330 3613 ἐγώ
1385 3557 1504 3614 μεν
1549 3525 1793 3594 οὐδένα
1838 3523 2030 3609 οἶμαι.
2138 3516 2300 3585 ἄλλα
