2622 4065
470 276 752 344 ’ΠΕΡΙ
815 281 1026 340 ΤΗΣ
1082 279 1984 342 ΠΛΡΑΠΡΕΣΒΕΙΛΣ.
2075 262 2201 341 337

296 448 783 527 δυστυχοῦντας
818 439 1221 523 α’νθριόπους
1243 445 1540 516 πολίτας·
1590 445 1723 527 ἰδίᾳ
1762 436 1830 507 δ’
1884 440 2200 524 ἐξομοσά-

218 564 220 566 ’
294 567 500 628 μενον
551 535 631 601 οὐ
686 539 864 605 πάνυ
886 536 1094 606 καλὸν
1119 537 1267 604 οὐδ’
1293 536 1582 621 ἀσφαλὲς
1606 531 1692 623 ἦν
1715 542 1923 606 ἐκεῖσε
1946 547 2198 606 πλανᾶ-

295 648 483 706 σθαι·
522 638 654 702 ἐπεὶ
679 642 737 702 εἰ
755 634 842 720 μὴ
868 633 973 701 διὰ
997 634 1067 701 τὸ
1093 637 1373 712 τούτους
1396 635 1759 720 βούλεσθαι
1784 644 2015 723 σῶσαι,
2042 637 2203 715 ἐξιό-

296 746 410 821 λης
445 736 812 818 εἷπολοίμην
846 737 954 800 καὶ
988 734 1325 818 προώλης,
1375 740 1434 800 εἰ
1454 735 1855 820 προσλαβών
1877 734 1942 818 γ’
1970 731 2054 801 ἂν
2080 733 2205 818 ἄρ·-

293 835 530 918 γύριον
554 832 731 898 πάνυ
755 831 926 898 πολύ
950 830 1107 916 μετὰ
1145 830 1403 898 τούτων
1436 834 1857 916 ἐπρέσβευσα.
1927 846 2203 917 σημεῖον

296 934 395 998 δέ·
446 934 548 996 ἐπὶ
591 929 716 1014 γαρ
753 928 875 1014 τὴν
909 937 1133 1014 τρίτην
1178 937 1533 1014 πρεσβείαν
1579 935 1675 1007 δίς
1709 959 1787 1016 με
1821 958 2161 1016 χειροτονη

295 1030 557 1095 σάντων
594 1028 782 1112 ὑμῶν
819 1034 915 1104 δὶς
954 1029 1397 1112 ἐξωμοσάμην.
1466 1030 1573 1094 καὶ
1608 1027 1784 1111 παρὰ
1809 1029 2053 1112 ταύτην
2076 1028 2199 1113 τὴν

294 1124 665 1209 ἀποδημίαν
690 1126 902 1190 πάντα
924 1124 1236 1191 τάναντία
1259 1131 1601 1208 ἔπραττον.

179 1235 278 1290 173
452 1215 573 1288 Ὧν
630 1224 752 1306 μὲν
805 1230 1035 1288 τοίνυν
1088 1222 1513 1306 αὐτοκράτωρ
1559 1217 1643 1308 ἦν
1689 1229 1813 1307 ἐγώ
1862 1224 2027 1290 κατὰ
2074 1224 2196 1308 τὴν

293 1324 681 1404 πρεσβείαν,
727 1327 966 1385 τοῦτον
1002 1326 1144 1404 ἔσχε
1178 1320 1296 1386 τὸν
1336 1321 1584 1405 τρόπον
1620 1320 1802 1405 ὑμῖν·
1851 1320 1893 1387 ἂ
1920 1321 1983 1387 δ’
2009 1314 2195 1387 οὗτοι

292 1423 556 1493 πλείους
580 1415 763 1493 ὄντες
786 1422 1056 1501 ἐνίκων,
1086 1417 1326 1482 ἅπαντ’
1357 1417 1795 1484 ἀπολώλεκεν.
1857 1427 2065 1484 καίτοι
2091 1422 2198 1483 καὶ

293 1511 481 1580 τᾶλλ’
507 1508 591 1577 ἂν
616 1512 854 1577 ἅπαντ’
887 1512 1278 1597 ἀκολούθως
1302 1516 1559 1591 τούτοις
1583 1511 1945 1598 ἐπέπρακτο
1963 1568 1981 1601 ,
2029 1526 2201 1593 εἴτις

295 1611 593 1678 ἐπείθετό
635 1637 763 1694 μοι.
843 1609 924 1677 οὐ
969 1612 1094 1695 γὰρ
1145 1612 1338 1695 ἔγωγ’
1385 1610 1594 1688 οὕτως
1635 1606 1721 1696 ἦν
1767 1614 2003 1691 ἄθλιος
2049 1611 2198 1678 οὐδ’

293 1709 530 1793 ἄφρων
555 1707 720 1774 ὥστε
741 1709 1032 1793 χρήματα
1056 1713 1175 1792 μὲν
1201 1711 1488 1793 διδόναι,
1534 1712 1992 1794 λαμβάνοντας
2017 1710 2200 1795 ὁρῶν

293 1809 585 1890 ἐτέρους,
611 1804 775 1891 ὑπὲρ
800 1815 913 1889 τῆς
937 1806 1096 1886 πρὸς
1121 1804 1286 1890 ὑμᾶς
1313 1814 1709 1892 φιλοτιμίας,
1734 1806 1776 1873 ἅ
1800 1807 1860 1873 δ’
1887 1808 2052 1874 ἄνευ
2075 1809 2197 1892 μὲν

293 1904 586 1988 δαπάνης
609 1898 713 1970 οἷά
736 1902 793 1968 τ’
821 1898 906 1988 ἦν
931 1914 1340 1989 πραχθῆναι,
1367 1914 1590 1993 πολλῷ
1613 1906 1681 1971 δὲ
1705 1912 2001 1989 μείζονας
2028 1905 2198 1989 εἶχεν

295 2000 608 2087 Γὀφελείας
642 2002 815 2089 πασῃ
849 2011 928 2090 τῇ
953 2002 1169 2086 πόλει,
1215 2011 1378 2070 ταῦτ
1387 2000 1553 2069 ὀὐκ
1580 2004 1951 2089 ἐβουλόμην
1974 2012 2199 2088 γίγνε-

293 2109 467 2164 σθαι.
517 2103 624 2164 και
649 2099 910 2218 σφόδρα
932 2127 1028 2185 γε,
1058 2128 1107 2165 ω
1134 2101 1375 2185 ἄνδρες
1394 2101 1763 2185 Ἀθηναῖοι
1811 2100 1949 2167 αλλ’
1953 2101 2193 2185 ,οἶμαι,

290 2204 611 2280 περιῆσαν
636 2199 826 2262 ουτοί
841 2224 989 2281 μου.
1321 2274 1325 2278 .

172 2309 274 2363 174
459 2297 626 2375 Φέρε
664 2293 776 2377 δὴ,
821 2301 886 2359 τί
911 2297 1124 2383 τούτῳ
1165 2302 1527 2378 πέπρακται
1561 2323 1737 2382 παρα
1778 2306 1981 2364 ταῦτα
2003 2301 2111 2363 καὶ
2135 2304 2201 2363 τί

290 2397 381 2477 τῷ
400 2390 798 2472 ,Φιλοκράτει
833 2393 1208 2459 θεάσασθε·
1254 2394 1397 2477 παρ’
1442 2395 1688 2479 ἄλληλα
1712 2395 1839 2480 γὰρ
1866 2402 2043 2462 ἔσται
2066 2421 2199 2478 φα-

288 2489 635 2572 νερώτερα.
698 2497 964 2570 πρῶτον
987 2492 1107 2614 μὲν
1130 2499 1362 2557 τοίνυν
1374 2498 1645 2570 Φωκέας
1659 2494 2069 2570 ἐκσπόνδους
2092 2496 2201 2558 καὶ

281 2581 497 2662 Ἁλέας
518 2583 867 2701 απέφηναν
902 2590 1010 2651 και
1032 2593 1546 2673 Κερσοβλέπτην
1580 2615 1756 2673 παρα
1793 2589 1865 2654 τὸ
1890 2590 2199 2673 ψήφισμα

284 2686 399 2746 και
433 2708 512 2745 τα
549 2678 712 2762 πρὸς
751 2679 922 2765 ὑμᾶς
957 2685 1295 2767 ειρημένα’
1343 2684 1477 2751 εἶτα
1512 2685 1584 2752 τὸ
1623 2686 1927 2770 ψήφισμα
1952 2690 2198 2768 ἐπεχεί-

290 2800 501 2863 ρησαν
524 2793 730 2844 κινεῖν
754 2782 859 2845 καὶ
884 2790 1247 2866 μεταίρειν,
1294 2781 1402 2865 ἐφ’
1446 2775 1499 2869 ςὸ
1536 2782 2014 2868 πρεσβεύοντες
2035 2780 2199 2867 ἤκο-

288 2901 436 2959 μεν·
486 2875 618 2941 εἰτα
635 2878 1054 2959 Καρδιανοὺς
1069 2886 1371 2967 Φιλίππῳ
1397 2902 1780 2965 συμμαχους
1805 2888 2194 2965 ἐνέγραψαν.
2218 2896 2325 2949 396

288 2974 395 3039 καὶ
415 2973 538 3057 τὴν
560 2975 681 3057 μὲν
703 2991 1072 3059 γραφεῖσαν
1096 2947 1445 3062 ἐπιστολὴν
1469 2977 1582 3044 ὑπ’
1630 2984 1789 3064 ἐμοῦ
1828 2977 1994 3062 πρὸς
2032 2977 2201 3063 ὑμᾶς

171 3087 267 3143 175
285 3066 784 3153 ἀπεψηφίσαντο
808 3077 896 3156 μή
922 3075 1233 3158 πέμπειν,
1284 3075 1472 3141 αὐτοὶ
1499 3075 1563 3141 δ’
1591 3075 1741 3141 οὐδ’
1766 3074 1993 3141 ὁτιοῦν
2017 3074 2196 3158 ὑγιὲς

286 3165 655 3251 γράψαντες
692 3173 1007 3252 ἔπεμψαν.
1078 3170 1210 3237 εἷθ’
1253 3170 1286 3237 ὁ
1326 3187 1629 3255 γενναῖος
1664 3171 1892 3240 οὑτοσὶ
1929 3174 2039 3257 ἐμὲ
2075 3176 2198 3257 μὲν

281 3262 400 3332 τὸν
434 3270 644 3351 δῆμον
678 3271 803 3350 ἔφη
838 3268 957 3332 τὸν
989 3267 1313 3352 ὑμέτερον
1347 3270 1748 3336 καταλύσειν
1794 3274 2193 3355 ἐπηγγέλθαι

283 3369 585 3451 Φιλίππῳ
603 3413 621 3446 ,
647 3362 746 3429 ὅτι
769 3363 952 3429 ταῦτ’
983 3368 1383 3451 ἐπέπληττον
1405 3368 1489 3434 οὐ
1511 3370 1721 3453 μόνον
1746 3369 1976 3454 αἰσχροὶ
1999 3377 2191 3452 νομί-

281 3465 442 3541 ζων,
487 3457 652 3527 ἄλλα
688 3464 795 3528 καὶ
831 3464 1058 3541 δεδιώς
1089 3463 1176 3550 μὴ
1217 3467 1833 3552 συμπαραπόλωμαι
1875 3464 1982 3533 διὰ
2026 3465 2188 3531 τού-

199 3565 201 3567 ’
364 3553 641 3606 Demosth.
690 3556 808 3608 Vol.
836 3559 876 3608 1.
1704 3564 1772 3613 22
