2622 4065
369 276 371 278 ’
443 315 565 377 238
839 320 1036 376 xvm.
1108 314 1948 379 ΛΗΜοΣοΕΝονΣ
2126 272 2129 275 ’

443 486 622 563 βαῖοι
645 478 766 541 καὶ
802 471 957 559 μεθ’
995 469 1185 558 ἡμῶν
1220 476 1556 559 ἐγένοντο,
1606 474 1823 559 ὥσπερ
1846 477 2237 561 χειμάρρους
2260 473 2344 544 ὂίν
2446 461 2450 462 ⁷

445 575 626 642 ἅπαν
658 582 855 643 τοῦτο
890 571 962 638 τὸ
1000 581 1267 656 πρᾶγμα
1293 579 1382 648 είς
1404 575 1525 657 τὴν
1546 573 1739 639 πόλιν
1764 577 2050 640 εἰσέπεσε
2068 601 2081 612 ·
2125 583 2256 640 νῦν
2277 576 2344 641 δὲ

443 675 520 742 τό
540 672 604 757 γ’
635 676 942 755 ἐξαίφνης
964 673 1240 754 ἐπέσχον
1264 667 1470 735 αὐτὸν
1491 674 1757 756 ἐκεῖνοι,
1796 671 2075 756 μάλιστα
2097 675 2250 757 μὲν,
2294 665 2345 737 c5

443 773 681 855 ἄνδρες
700 769 1070 853 Ἀθηναῖοι,
1116 776 1300 833 θεῶν
1322 769 1498 845 τινὸς
1522 767 1749 855 εὐνοία
1773 768 1938 852 πρὸς
1959 768 2164 857 ὑμᾶς,
2213 770 2345 836 εἶτα

443 872 667 954 μέντοι
700 871 839 950 καὶ,
884 866 1048 932 ὅσον
1080 863 1238 930 καθ’
1267 867 1385 930 ἕνα
1410 866 1653 951 ἄνδρα,
1700 869 1806 932 καὶ
1833 866 1918 931 δι
1947 872 2073 951 ἐμέ.
2139 865 2252 944 δὸς
2276 870 2353 933 δέ

442 993 555 1052 μοι
588 963 668 1031 τὰ
706 964 1001 1048 δόγματα
1035 971 1241 1028 ταῦτα
1275 966 1383 1028 καὶ
1417 962 1571 1040 τοὺς
1592 964 1872 1047 χρόνους
1894 967 1966 1029 ἐν
1989 961 2084 1040 οἷς
2106 967 2345 1030 ε’καστα

442 1068 839 1146 πέπρακται,
862 1067 929 1127 ἵν
938 1059 1191 1143 ἐἰδῆτε
1213 1060 1405 1145 ἡλίκα
1429 1061 1775 1145 πράγματα
1796 1058 1836 1145 ἡ
1862 1059 2062 1144 μιαροὶ
2089 1059 2339 1145 κεφαλὴ
2464 1139 2466 1141 ¹

244 1220 247 1223 ,
325 1181 422 1234 154
442 1162 776 1248 ταράξασα
801 1159 967 1241 αὕτη
994 1163 1182 1241 δίκην
1207 1156 1330 1223 οὐκ
1355 1162 1556 1223 ἔδωκε
1630 1161 1780 1240 λέγε,
1799 1184 1907 1241 μοι
1929 1155 2008 1222 τοὶ
2034 1158 2339 1242 δόγματα.
2414 1209 2416 1211 .
2507 1189 2509 1191 ·

864 1307 1192 1390 ΛΟΓΜΑ
1227 1306 1936 1365 ΑΜΦΙΚΤΤΟΝΩΝ.

698 1429 856 1513 [Επὶ
891 1435 1085 1532 ἱερέως
1116 1429 1546 1538 Κλειναγόρου,
1595 1433 1826 1535 ἐαρινῆς
1862 1432 2141 1507 πυλαίας,
2190 1431 2345 1504 ε’δοξε

526 1527 644 1591 τοῖς
676 1513 1033 1616 πυλαγόροις
1057 1516 1157 1576 καὶ
1179 1524 1299 1587 τοῖς
1326 1518 1623 1595 συνέδροις
1645 1519 1761 1574 τῶν
1779 1509 2221 1591 Ἀμφικτυόνων
2245 1515 2343 1573 καὶ

523 1609 605 1683 τῷ
642 1607 837 1682 κοινῷ
859 1606 977 1661 τῶν
994 1594 1473 1698 Ἀμφικτυόνων,
1523 1592 1719 1674 ἐπειδὴ
1751 1592 2082 1701 Ἀμφισσεῖς
2118 1596 2340 1696 ἐπιβαί-
2377 1659 2381 1663 ,
2462 1627 2476 1649 s

523 1703 731 1746 νουσιν
765 1684 859 1744 ἐπι
894 1676 1003 1762 τὴν
1036 1675 1201 1763 ἵεραν
1224 1678 1423 1777 χώραν
1445 1681 1544 1740 καὶ
1569 1683 1866 1758 σπείρουσι
1891 1680 1989 1738 καὶ
2011 1675 2342 1776 βοσκήμασι

520 1768 978 1846 κατανέμουσιν,
1027 1767 1294 1825 ἐπελθεῖν
1328 1787 1464 1835 τους
1499 1762 1870 1863 πυλαγόρους
1895 1762 1993 1821 καὶ
2017 1786 2149 1832 τους
2174 1762 2339 1821 συνέ-

521 1854 729 1953 δρους,
779 1851 879 1910 καὶ
916 1844 1150 1928 στήλαις
1187 1851 1494 1944 διαλαβεῖν
1525 1869 1661 1917 τους
1697 1841 1901 1926 όρους,
1948 1869 2048 1904 και
2074 1838 2341 1904 ἀπειπεῖν

517 1943 638 2007 τοῖς
659 1929 1039 2013 Ἀμφισσεῦσι
1061 1936 1168 1991 τοῦ
1191 1935 1400 1993 λοιποῦ
1425 1923 1504 2007 μὴ
1532 1930 1888 2007 ἐπιβαίνειν]

1009 2080 1071 2138 Ε
1077 2078 1372 2138 ΤΕΡΟΝ
1411 2076 1752 2135 ΔΟΓΜΑ.

312 2243 408 2294 155
685 2201 846 2285 [Ἐπὶ
882 2206 1076 2304 ἱερέως
1100 2200 1531 2284 Κλειναγόρου,
1581 2202 1813 2280 ἐαρινῆς
1845 2200 2127 2273 πυλαίας,
2177 2198 2334 2270 ε’δοξε

513 2299 633 2362 τοῖς
667 2285 1023 2389 πυλαγόροις
1047 2289 1148 2348 καὶ
1171 2296 1289 2358 τοῖς
1316 2289 1616 2365 συνέδροις
1637 2289 1754 2343 τῶν
1771 2275 2214 2358 Ἀμφικτυόνων
2238 2279 2337 2338 καὶ
2359 2283 2487 2353 279.

513 2380 596 2454 τῷ
620 2378 806 2472 κοινῷ
826 2378 943 2431 τῶν
962 2365 1440 2448 Ἀμφικτυόνων,
1490 2361 1689 2443 ἐπειδὴ
1714 2369 1773 2424 οἵ
1806 2366 1860 2438 ἐξ
1880 2360 2197 2469 Ἀμφίσσης
2231 2385 2340 2439 την

516 2452 683 2536 ἵεραν
725 2480 921 2536 χωραν
967 2476 1453 2531 κατανειμαμενοι
1496 2468 1818 2530 γεωργουσι
1862 2448 1961 2508 καὶ
1997 2441 2339 2523 βοσκήματα

514 2542 784 2638 νέμουσι,
813 2563 914 2600 και
939 2532 1298 2636 κωλυόμενοι
1319 2558 1493 2594 τουτο
1516 2540 1736 2609 ποιεῖν,
1777 2533 1838 2591 ἐν
1860 2537 1981 2600 τοῖς
2006 2527 2204 2599 όπλοις
2226 2549 2337 2586 wo:-

515 2618 921 2721 ραγενόμενοι,
969 2614 1034 2680 τὸ
1071 2614 1274 2680 κοινὸν
1296 2625 1414 2677 τῶν
1428 2612 1728 2694 Ελλήνων
1753 2615 2058 2712 συνέδριον
2085 2606 2337 2670 κεκωλύ-

511 2725 650 2768 κασι
674 2730 826 2806 μετα
841 2707 1003 2784 βίας,
1028 2728 1193 2774 τινας
1221 2703 1274 2767 δ
1259 2728 1282 2762 ε
1304 2727 1405 2760 και
1426 2701 1941 2796 τετραυματίκασι,
1968 2691 2071 2755 τὸν
2095 2714 2337 2793 στρατη-

510 2785 618 2891 γὸν
652 2784 759 2849 τὸν
800 2783 1096 2871 ᾑρημένον
1130 2811 1249 2846 των
1268 2778 1717 2878 Αμφικτυόνων
1740 2776 2049 2854 Κόττυφον
2081 2770 2184 2836 τὸν
2207 2769 2337 2872 Ἀρ-

512 2869 668 2932 καδα
690 2875 1042 2968 πρεσβεῦσαι
1063 2862 1208 2948 πρὸς
1240 2872 1537 2927 Φίλιππον
1558 2858 1661 2924 τὸν
1683 2856 2046 2937 Μακεδόνα,
2089 2858 2188 2917 καὶ
2214 2851 2335 2930 αξι-

514 2962 622 3016 οὖν
660 2980 761 3015 ινα
796 2948 1072 3035 βοηθήσῃ
1104 2958 1200 3052 τῷ
1212 2975 1271 3010 τε
1291 2944 1613 3010 Ἀπόλλωνι
1636 2971 1736 3006 και
1760 2951 1878 3016 τοῖς
1896 2936 2333 3038 Ἀμφικτυοσιν,

512 3036 670 3110 όπως
704 3031 784 3117 μὴ
818 3038 1052 3138 περιίδῃ
1089 3028 1208 3095 υπὸ
1241 3038 1361 3094 τῶν
1395 3026 1626 3131 ασεβῶν
1659 3024 2023 3125 Ἀμφισσέων
2054 3017 2158 3085 τὸν
2191 3017 2339 3083 θεὸν

511 3116 1060 3201 πλημμελουμενον·
1109 3117 1209 3178 καὶ
1256 3112 1407 3177 διότι
1453 3107 1636 3175 αυτὸν
1682 3104 2001 3192 στρατηγὸν
2045 3130 2327 3187 αυτοκρα

504 3231 659 3308 τορα
690 3209 994 3302 αἱροῦνται
1029 3205 1090 3262 οἵ
1106 3197 1384 3279 Έλληνες
1424 3223 1478 3259 οι
1513 3197 1834 3276 μετέχοντες
1875 3217 1979 3254 του
2027 3192 2332 3291 συνεδρίου

507 3315 627 3351 των
644 3283 1130 3368 Ἀμφικτυόνων]

588 3402 760 3481 Λέγε
799 3398 877 3481 δὴ
911 3400 1021 3461 καὶ
1054 3420 1210 3470 τους
1241 3392 1522 3477 χρόνους
1558 3394 1628 3456 ἐν
1664 3397 1758 3464 οις
1794 3392 1957 3452 ταῦτ
1964 3381 2324 3465 ’ἐγίγνετο·

419 3501 548 3564 εἰσὶ
569 3524 700 3583 γαρ
723 3494 889 3563 καθ’
917 3520 1033 3570 ους
1056 3492 1550 3626 ἐπυλαγόρησεν
1573 3481 1781 3562 οὗτος.
1830 3487 1991 3567 λέγε.
