2622 4065
377 279 508 361 374
800 306 945 363 xlx,
1027 301 1861 365 ΛΗΜοΣοΕΝονΣ

256 463 366 515 299
386 475 495 524 σιν
518 456 806 537 άπαντες
827 463 935 527 καὶ
957 459 1043 578 μὴ
1070 475 1203 535 τοῖς
1218 464 1488 544 ἐχθροῖς
1506 443 1761 545 ἡδονὴν
1783 468 2042 530 ποιῶσι.
2088 462 2290 531 πότε·

386 583 513 639 ρον
548 550 675 625 οὖν
701 557 917 625 οἴεσθ’
945 555 1062 642 α’ν,
1111 585 1160 622 ω
1190 558 1427 639 άνδρες
1441 555 1813 642 Ἀθηναῖοι,
1857 560 1978 626 τὸν
1999 569 2288 627 τοσαῦτα

386 655 564 722 κακοὶ
589 660 1018 740 εἰργασμένον
1043 659 1346 722 σωθέντα
1368 652 1412 739 ἦ
1437 660 1627 739 δικην
1651 655 1851 723 δόντα
1886 655 2144 743 ἡδονὴν
2168 667 2291 726 Φι-

388 760 606 842 λίππω
631 762 929 841 ποιῆσαι;
954 753 1078 839 ἐγω
1103 756 1222 840 μὲν
1261 756 1440 840 οἶμαι
1491 757 1810 821 σωθέντα.
1879 757 2039 839 φησὶ
2063 759 2139 822 δέ
2154 754 2294 841 γεὴ

391 859 663 936 μαντεία
709 858 848 919 δεῖν
893 851 1072 929 ὅπως
1116 849 1199 918 ἂν
1236 851 1322 937 μὴ
1358 860 1669 936 χαίρωσιν
1703 857 1770 918 οἱ
1800 856 2025 937 ἐχθροὶ
2061 868 2292 921 ποιεῖν.

391 947 597 1014 ἅπασι
628 955 862 1016 τοίνυν
885 959 1003 1036 μιᾷ
1025 949 1257 1037 γνωμῃ
1283 951 1795 1036 παρακελεύεται
1817 951 2117 1029 κολάζειν
2140 953 2299 1027 τοὺς

388 1044 891 1133 ὑπηρετηκότας
915 1074 975 1113 τι
995 1063 1130 1125 τοῖς
1153 1052 1447 1132 ἐχθροῖς,
1473 1046 1507 1114 ὁ
1536 1049 1703 1124 Ζεὺς
1721 1100 1738 1132 ,
1763 1046 1802 1132 ἡ
1826 1049 2054 1133 Διώνη
2071 1100 2087 1132 ,
2125 1048 2296 1114 πάν-

391 1175 497 1224 τες
517 1151 584 1212 οί
601 1153 770 1213 θεοί.
817 1153 1067 1225 ἔξωθεν
1087 1150 1153 1211 οί
1167 1146 1728 1231 ἐπιβουλεύοντες,
1746 1150 2025 1211 ἔνδοθεν
2047 1151 2111 1211 οὗ
2127 1165 2298 1229 συμ-

394 1247 812 1330 πράττοντες.
881 1242 1137 1311 οὐκοῦν
1169 1253 1308 1309 τοῖν
1345 1244 1913 1329 ἐπιβουλευόντων
1949 1243 2067 1327 μὲν
2101 1249 2299 1326 ἔργον

394 1343 685 1426 διδόναι,
728 1349 866 1409 τῶν
902 1341 1464 1427 συμπραττόντων
1501 1343 1570 1408 δὲ
1603 1342 1967 1427 λαμβάνειν
2002 1344 2111 1406 καὶ
2144 1339 2300 1415 τοὺς

398 1442 746 1526 εἰληφότας
769 1441 1093 1519 ἐκσωζειν.

269 1564 379 1617 300
549 1540 691 1605 ’Έτι
722 1546 954 1605 τοίνυν
987 1534 1116 1603 κᾶν
1151 1535 1263 1601 εἶπ’
1305 1534 1738 1617 ἀνθρωπίνου
1772 1542 2091 1617 λογισμοῦ
2111 1532 2296 1598 τοῦτ’

397 1642 531 1703 ἴδοι
553 1663 679 1721 τις,
728 1634 830 1702 ὅτι
863 1636 1137 1700 πάντων
1171 1632 1572 1716 ἐχθρότατον
1607 1636 1715 1698 καὶ
1740 1631 2202 1716 φοβερώτατον
2222 1627 2296 1694 τὸ

396 1732 520 1800 τὸν
561 1731 1013 1817 προεστηκότα
1057 1734 1175 1796 ε’ἇν
1221 1736 1461 1796 οἰκεῖον
1496 1737 1843 1812 γίγνεσθαι
1877 1742 2011 1803 τοῖς
2046 1728 2130 1811 μὴ
2166 1735 2302 1791 τῶν

398 1832 622 1897 αὐτῶν
646 1833 1048 1913 ἐπνθυμοῦσι
1068 1835 1158 1916 τῷ
1191 1826 1392 1915 δήμω.
1441 1833 1569 1892 τίσι
1591 1824 1718 1910 γὰρ
1741 1832 1875 1890 τῶν
1899 1823 2302 1907 πραγμάτων

398 1927 715 2011 ἐγκρατὴς
748 1929 984 2010 γέγονε
1020 1933 1341 2000 Φίλιππος
1375 1921 1722 2007 ἁπάντων,
1769 1924 1876 1987 καὶ
1909 1930 2038 1987 τίσι
2070 1919 2149 1986 τὰ
2185 1923 2302 2005 με’-

394 2048 586 2112 γιστα
607 2030 1070 2108 κατείργασται,
1089 2032 1225 2089 τῶν
1248 2025 1761 2107 πεπραγμένων,
1789 2023 2143 2100 σκέψασθε.
2210 2026 2302 2105 τῷ

397 2150 577 2206 παρα
601 2150 739 2188 των
762 2123 1171 2189 πωλούντων
1193 2149 1309 2198 τας
1333 2122 1597 2204 πράξεις
1623 2118 1972 2201 ωνεῖσθαι,
2017 2124 2111 2205 τῷ
2144 2142 2302 2193 τους

395 2219 881 2307 προεστηκότας
904 2223 973 2284 ἐν
995 2234 1133 2296 ταῖς
1158 2220 1386 2286 πόλεσι
1420 2223 1835 2302 διαφθείρειν
1857 2218 1964 2281 καὶ
1987 2219 2278 2297 ἐπαίρειν
2282 2263 2303 2295 ,

1261 2322 1274 2341 ⁷
1337 2315 1352 2337 2
1410 2314 1424 2336 e
1486 2330 1511 2343 ω

397 2417 774 2501 βούλησθε,
822 2414 1044 2498 άχρεῖα
1086 2422 1354 2497 ποιῆσαι
1398 2413 1715 2496 τήμερον,
1765 2436 1849 2474 αν
1879 2435 2013 2474 των
2054 2408 2173 2492 μὲν
2214 2434 2299 2523 μη

399 2517 668 2598 εθέλητε
698 2510 972 2577 άκουειν
994 2525 1128 2587 τοῖς
1150 2511 1475 2586 τοιούτοις
1515 2507 2104 2590 συνηγορούντων,
2151 2500 2298 2570 ἀλλ’

397 2616 753 2696 ἐπιδείξητε
788 2608 1085 2694 ἀκύρους
1121 2608 1318 2684 ὄντας
1353 2606 1545 2692 ὑμων
1571 2613 1729 2691 (νῦν
1750 2604 1878 2688 γάρ
1906 2622 2112 2687 φασιν
2135 2600 2301 2668 εἶναι
2378 2671 2380 2674 ,

395 2709 667 2794 κύριοι),
692 2705 811 2774 τὸν
834 2706 905 2773 δὲ
928 2703 1306 2790 πεπρακόθ’
1335 2705 1572 2772 ἑαυτὸν
1591 2702 1909 2786 κολάσητε
1927 2752 1945 2786 ,
1971 2704 2078 2767 καὶ
2099 2698 2301 2766 τοῦθ’

265 2825 371 2876 302
397 2805 681 2881 άπαντες
717 2809 962 2870 ἰᾛδωσιν
1031 2807 1225 2870 παντι
1261 2830 1382 2887 μεν
1415 2829 1542 2886 γαρ
1570 2801 1833 2876 εἰκότως
1856 2826 1943 2865 αν
1965 2797 2302 2880 ὀργισθει-

394 2928 539 2986 ητε,
568 2929 617 2966 ω
645 2901 884 2984 άνδρες
898 2898 1277 2983 Ἀθηναῖοι,
1302 2906 1572 2964 τοιαῦτα
1597 2896 1984 2980 πεποιηκότι
2005 2898 2112 2960 καὶ
2138 2918 2300 2977 προ-
2318 2908 2424 2962 438

398 2999 717 3066 δεδωκότι
742 2998 1123 3082 συμμάχους
1149 3023 1256 3061 και
1282 3003 1516 3079 φίλους
1538 2996 1646 3059 και
1668 3018 1971 3074 καιρους,
2018 2990 2177 3076 μεθ
2205 3017 2302 3056 ων

394 3126 432 3182 η
472 3105 690 3173 καλῶς
722 3092 767 3180 η’
801 3122 1020 3171 κακως
1050 3093 1348 3171 ἑκάστοις
1372 3100 1499 3177 ἔχει
1520 3120 1600 3159 τα
1625 3093 1873 3174 πάντα,
1922 3089 2003 3156 ού
2026 3088 2157 3174 μὴν
2183 3088 2302 3154 ού-
2348 3129 2351 3132 ·

397 3198 537 3262 δενὶ
561 3204 818 3281 μᾶλλον
843 3192 994 3262 οὐδὲ
1023 3192 1433 3274 δικαιότερον
1454 3187 1499 3276 ἦ
1519 3191 1749 3277 τούτῳ.
1818 3186 1888 3265 ὂς
1909 3188 2035 3272 γὰρ
2061 3186 2301 3253 ἑαυτὸν

392 3295 590 3373 τάξας
611 3301 745 3358 τεᾶν
770 3291 1228 3358 ἀπιστούντων
1253 3291 1418 3357 εἶναι
1443 3296 1744 3378 Φιλίππω
1761 3340 1779 3374 ,
1824 3292 1932 3354 καὶ
1967 3286 2168 3371 μόνος
2190 3287 2295 3350 καὶ

360 3436 362 3438 -
393 3401 656 3480 πρῶτος
692 3390 857 3460 ίδων
882 3390 983 3457 ὅτι
1004 3389 1227 3467 κοινὸς
1251 3388 1491 3473 ἐχθρὸς
1514 3388 1760 3464 ἐκεῖνός
1787 3390 1963 3453 ἐστιν
1987 3382 2300 3448 ἁπάντων

392 3498 530 3558 τῶν
546 3489 911 3575 Ἑλλήνων,
943 3486 1368 3572 ἠὐτομόλησε
1392 3489 1501 3553 καὶ
1526 3485 1873 3565 προῦδωκε
1896 3483 2003 3547 καὶ
2025 3483 2298 3563 γέγονεν
