2622 4065
425 323 548 385 306
858 330 997 384 XIX
1086 326 1920 393 ΔΗΜΟΣΘΕΝΟΥΣ

426 488 959 572 ἐλαφηβολιῶνος
981 483 1231 571 ἐνάτῃ’
1199 489 1301 553 επὶ
1325 489 1794 574 δέκαέγένετο,
1829 495 2337 582 ἀπεδημήσαμεν

428 583 488 650 δ’
515 582 703 669 ἡμεῖς
725 587 828 651 ἐπὶ
849 585 1005 660 τούς
1028 609 1274 663 ορκους
1307 600 1479 668 τρεῖς
1515 597 1726 671 μῆνας
1761 589 1990 669 όλους·
2032 596 2143 660 καὶ
2178 603 2338 662 τοῦ-

337 697 408 750 58
426 709 543 750 τον
579 683 837 749 ἅπαντα
871 682 994 748 τὸν
1016 681 1262 766 χρόνον
1281 676 1457 768 ἦσαν
1480 690 1548 751 οἱ
1566 692 1818 765 Φωκεῖς
1868 695 1980 776 σῷ.
2084 689 2339 777 ἥκομεν

426 783 497 848 δὲ
521 787 721 864 δεῦρο
746 777 875 847 άπὸ
900 789 1015 865 τῆς
1038 788 1388 867 πρεσβείας
1409 787 1521 866 τῆς
1545 786 1646 848 ἐπὶ
1681 781 1838 861 τοὺς
1873 784 2118 870 ὅρκους
2148 797 2335 878 τρίτῃ

421 881 525 945 ἐπὶ
548 883 706 945 δέκα
727 886 851 946 τοῦ
894 887 1418 963 σκιροφοριῶνος
1454 879 1687 966 μηνὸς,
1733 884 1843 948 καὶ
1878 892 2097 969 παρῆν
2133 884 2167 952 ὁ
2213 892 2338 952 Φί-

420 986 660 1085 λιππος
696 981 768 1042 ἐν
791 976 1048 1053 Πύλαις
1078 976 1204 1062 ἤδη
1239 980 1349 1045 καὶ
1380 992 1514 1055 τοῖς
1535 987 1881 1047 Φωκεῦσιν
1908 985 2333 1068 ἐπηγγέλλετο

424 1074 521 1140 ὢν
565 1073 763 1141 οὐδεν
797 1079 1142 1141 επίστευον
1181 1078 1436 1142 ἐκεῖνοι.
1496 1091 1768 1162 σημεῖον
1806 1084 1905 1145 δέ·
1971 1081 2051 1146 οὐ
2085 1109 2213 1165 γαρ
2250 1109 2336 1147 αν

421 1172 609 1257 δεῦρ’
634 1165 805 1257 ἧκον
830 1171 915 1250 ὡς
938 1170 1126 1256 υμᾶς.
1193 1170 1232 1255 ἡ
1271 1172 1334 1237 δ’
1373 1176 1682 1259 ἐκκλησία
1715 1202 1873 1260 μετα
1911 1185 2147 1263 ταῦτα,
2195 1181 2268 1243 ἐν
2291 1206 2333 1265 η

416 1272 631 1336 πάντα
645 1268 724 1336 τὰ
743 1267 1065 1354 πράγματ’
1085 1268 1439 1336 απωλεσαν
1454 1297 1638 1338 ουτοι
1661 1274 2065 1357 ψευσάμενοι
2078 1277 2189 1341 και
2213 1302 2334 1359 φε-

418 1374 805 1445 νακίσαντες
821 1368 1098 1454 ύμας,τῇ
1115 1394 1266 1454 εκτῃ
1285 1371 1385 1434 ἐπὶ
1404 1372 1607 1435 δέκα’
1577 1377 1863 1453 εγίγνετο
1883 1378 2002 1435 τοῦ
2020 1391 2334 1456 σκιροφο-

334 1484 401 1535 59
422 1473 680 1549 ριαῖνος.
718 1465 845 1534 άπὸ
870 1473 1101 1532 τοίνυν
1115 1467 1355 1549 ταύτης
1377 1481 1703 1550 πεμπταῖα
1725 1473 2060 1553 λογίζομαι
2076 1468 2156 1534 τά
2184 1469 2331 1555 παρ’

418 1562 614 1649 ὑμῶν
637 1569 709 1631 ἐν
746 1579 880 1642 τοῖς
898 1571 1203 1630 Φωκεῦσι
1228 1566 1574 1647 γενέσθαι·
1614 1574 1921 1649 παρῆσαν
1946 1566 2072 1652 γάρ
2101 1572 2166 1634 οἱ
2195 1575 2332 1634 τῶν

418 1669 708 1729 Φωκέων
746 1667 1048 1748 πρέσβεις
1073 1661 1348 1744 ἐνθάδε,
1394 1665 1503 1727 καὶ
1537 1654 1623 1745 ἧν
1648 1660 1868 1738 αὐτοῖς
1892 1667 2000 1728 καὶ
2032 1670 2099 1729 τί
2117 1662 2333 1747 ἀπαγ-

413 1769 730 1844 γελοῦσιν
746 1753 929 1827 οὗτοι
953 1761 1061 1825 καὶ
1084 1764 1153 1824 τί
1166 1757 1504 1843 ψηφιεῖσθ’
1532 1757 1716 1842 ὑμεῖς
1739 1760 2030 1843 ἐπιμελὲς
2067 1764 2326 1827 εἰδέναι.

415 1857 673 1926 οὐκοῦν
688 1860 886 1941 είκὰς,
910 1849 1241 1945 ’ᾗτίθεμεν
1256 1860 1599 1923 πυθέσθαι
1619 1854 1775 1933 τούς
1793 1861 2061 1933 Φωκέας
2080 1856 2156 1922 τά
2178 1855 2323 1940 παρ’

408 1954 603 2041 ὑμῶν
620 1983 632 1993 ·
678 1955 807 2023 άπὸ
846 1954 973 2043 γὰρ
998 1964 1109 2040 τῆς
1133 1957 1321 2040 ἕκτης
1348 1962 1436 2032 εἰς
1460 1956 1709 2041 ταύτην
1733 1960 1988 2040 πέμπτη
2012 1962 2320 2041 γίγνεται.

406 2053 652 2137 ὑστέρα
674 2062 908 2121 τοίνυν
932 2054 1204 2140 δεκάτη,
1235 2054 1451 2139 ἐνάτη,
1478 2055 1678 2139 ὀγδόη
1700 2082 1713 2093 ·
1759 2054 1964 2140 ταύτῃ
1988 2055 2321 2138 ἐγίγνονθ’

411 2159 482 2219 αἱ
515 2156 831 2236 σπονδαὶ,
879 2156 988 2219 καὶ
1023 2154 1240 2219 πάντα
1276 2150 1467 2218 τάκεῖ
1494 2151 1820 2236 πράγματ’
1838 2149 2178 2220 ἀπωλώλει
2214 2155 2324 2220 καὶ

322 2271 388 2323 60
409 2254 591 2328 τέλος
632 2250 818 2334 εἶχεν.
885 2258 976 2337 τῷ
1013 2257 1211 2315 τοῦτο
1249 2255 1485 2334 δῆλον,
1532 2260 1611 2336 τῇ
1655 2253 1916 2332 τετράδι
1961 2258 2325 2334 φθίνοντος

406 2349 873 2434 ἠκκλησιάζετε
909 2347 1030 2430 μὲν
1066 2345 1223 2411 τόθ’
1262 2345 1450 2429 ὑμεῖς
1488 2350 1560 2412 ἐν
1582 2355 1884 2428 Πειραιεῖ
1912 2353 2059 2432 περὶ
2092 2356 2230 2414 τῶν
2252 2351 2324 2414 ἐν

406 2460 542 2524 τοῖς
566 2451 883 2526 νεωρίοις,
909 2437 1028 2529 ἧκε
1053 2445 1124 2511 δὲ
1145 2445 1487 2529 Δερκύλος
1511 2447 1581 2510 ἐκ
1606 2450 1951 2528 Χαλκίδος,
1977 2446 2085 2511 καὶ
2107 2442 2321 2529 άπήγ-
2341 2454 2446 2508 360

397 2551 637 2627 ,γελλεν
661 2540 823 2626 ὑμῖν
845 2541 948 2607 ὅτι
971 2541 1186 2607 πάντα
1208 2541 1287 2606 τά
1312 2540 1632 2626 πράγματ’
1657 2546 2046 2628 ἐγκεχείρικε
2070 2549 2321 2628 Θηβαί-

405 2667 500 2717 οις
527 2639 559 2706 ὁ
590 2646 915 2716 Φίλιππος
932 2690 946 2719 ,
985 2640 1095 2706 καὶ
1120 2640 1421 2724 πέμπτην
1445 2639 1610 2705 εἶναι
1631 2640 1877 2725 ταύτην
1899 2639 2149 2726 ἡμέραν
2172 2645 2320 2707 ε’λο-

401 2735 605 2822 γίζετῗ
626 2734 748 2821 αφ’
775 2730 859 2803 οὗ
876 2737 1234 2820 γεγόνασιν
1259 2742 1331 2802 αἱ
1350 2743 1646 2805 σπονδαί.
1708 2739 1907 2823 ὀγδόη
1932 2747 2181 2823 τοίνυν,
2209 2742 2320 2824 ἑβ-

402 2836 570 2918 δόμη
588 2885 605 2919 ,
646 2836 796 2917 ε’κτη
816 2885 833 2918 ,
866 2837 1121 2919 πέμπτη
1138 2886 1155 2919 ,
1178 2838 1441 2920 τετράς·
1486 2834 1645 2905 αὐτὸ
1672 2845 2019 2923 συμβαίνει
2041 2845 2131 2915 είς
2153 2837 2320 2903 ταύ-

396 2959 522 3017 την
545 2931 713 2998 εἶναι
735 2935 1052 3018 πέμπτην.
1100 2932 1353 3000 οὐκοῦν
1374 2948 1509 3013 τοῖς
1529 2936 1791 3020 χρόνοις
1807 2987 1824 3021 ,
1863 2932 1959 3013 οἷς
1984 2936 2316 3021 άπηγγελ-

398 3040 552 3117 λον,
605 3025 700 3106 οἷς
734 3034 1062 3117 ε’γραφον,
1111 3052 1312 3100 πασιν
1345 3036 1784 3155 ἐξελέγχονται
1819 3038 2309 3118 συνηγωνισμεί·

397 3155 504 3194 νοι
529 3135 834 3196 Φιλιππω
857 3132 968 3197 καὶ
992 3137 1317 3200 συναίτιοι
1339 3133 1687 3219 γεγονότες
1708 3158 1826 3199 του
1864 3158 1996 3198 των
2023 3134 2313 3197 Φωκέων

305 3245 374 3299 61
398 3225 709 3311 ὀλέθρου.
778 3255 871 3295 ετι
905 3237 1135 3297 τοίνυν
1169 3229 1243 3298 τὸ
1282 3236 1609 3317 μηδεμίαν
1642 3258 1779 3299 των
1800 3231 2060 3299 πόλεων
2083 3256 2216 3298 των
2241 3232 2314 3327 ἐν

395 3332 754 3394 Φωκεῦσιν
775 3324 1026 3395 ἁλωναι
1048 3337 1394 3419 πολιορκία
1430 3331 1585 3418 μηδ’
1627 3334 1699 3397 ἐκ
1736 3335 2110 3416 προσβολης
2142 3318 2308 3393 κατα

389 3426 667 3513 κράτος,
716 3423 869 3494 ἀλλ’
904 3430 977 3495 ἐκ
1011 3436 1136 3495 τοῦ
1169 3437 1568 3498 σπείσασθαι
1603 3431 1854 3507 πάντας
1888 3429 2103 3513 αρδην
2139 3423 2309 3492 απο-

388 3526 662 3616 λέσθαι,
706 3526 1024 3615 μέγιστόν
1068 3532 1206 3598 ἐστι
1248 3545 1520 3618 σημεῖον
1553 3536 1673 3596 τοῦ
1708 3525 1815 3594 διά
1853 3529 2129 3606 τούτους
2162 3551 2309 3595 πει·ν
