2622 4065
505 314 760 374 ΠΕΡΙ
800 297 804 301 ’
829 312 1043 371 ΤΗΣ
1101 299 2019 381 ΠΑΡΑΠΡΕΣΒΕΙΑΣ.
2099 324 2221 384 291

317 471 792 537 κατασκευάσει
812 474 1060 556 μηδένα
1086 472 1250 539 εἶναι
1274 478 1650 560 κατήγορον
1687 478 1899 548 αὐτοῦ
1914 532 1931 566 ‚
1970 484 2216 548 παντοί-
2240 498 2348 551 342

317 587 518 633 πασιν
541 567 773 651 ἄκυροι
796 571 1066 634 πάντων
1090 568 1274 654 ὑμεῖς
1294 575 1679 659 γενήσεσθε.

265 678 299 730 3
488 665 575 731 Τὸ
603 666 720 750 μὲν
745 660 870 732 οὖν
888 670 1238 787 ἐξελέγξειν
1255 671 1464 737 πολλα
1485 676 1590 738 καὶ
1615 673 1797 740 δεινα
1818 680 2222 763 πεποιηκότα

315 765 575 829 τουτονὶ
608 766 717 829 καὶ
748 773 860 848 τῆς
897 767 1162 850 ἐσχατης
1199 767 1362 833 ὄντα
1396 781 1704 889 τιμωριας
1750 774 1935 853 α’ξιον
1976 787 2218 862 θαρρῶ

313 865 421 927 καὶ
443 885 621 927 πανυ
646 864 962 928 πιστεύω·
1013 861 1048 930 6
1078 864 1147 930 δὲ
1169 873 1404 950 καίπερ
1431 867 1812 955 ὑπειληφως
1842 901 2049 940 ταυτα
2085 904 2216 960 φο-

313 967 587 1043 βοῦμαι,
638 982 870 1043 φρασω
895 962 1060 1041 πρὸς
1080 961 1252 1047 ὑμας
1275 967 1383 1030 και
1411 992 1535 1032 ουκ
1561 966 2064 1056 αποκρύψομαι,
2111 974 2215 1042 ὅτι

314 1082 424 1139 μοι
449 1057 819 1121 δοκοῦσιν
790 1057 1073 1135 α’παντες
1099 1064 1166 1125 οἵ
1185 1061 1341 1145 παρ’
1372 1062 1529 1146 ὑμιν
1555 1063 1806 1147 ἄγωνες
1841 1069 1958 1153 οὐχ
1993 1075 2211 1157 ἦττον,

312 1158 360 1220 ὦ
387 1154 625 1236 ἄνδρες
642 1152 1009 1240 Ἀθηναῖοι,
1036 1182 1173 1221 των
1196 1186 1447 1241 καιρων
1468 1159 1510 1245 ἦ
1534 1190 1668 1228 των
1691 1190 2097 1251 πραγματων
2122 1169 2215 1235 εἷ-

311 1278 439 1335 ναι,
464 1254 572 1315 καὶ
594 1250 665 1317 τὸ
689 1253 934 1335 χρόνον
956 1265 1360 1339 γεγενῆσθαι
1376 1285 1541 1375 μετα
1564 1261 1686 1344 τήν
1710 1273 2064 1349 πρεσβείαν
2089 1293 2216 1334 πο-

310 1347 435 1413 Mn)
474 1351 768 1432 δέδοικα,
812 1352 901 1435 μή
935 1379 1083 1417 τινα
1121 1352 1390 1438 λήθην
1362 1354 1402 1439 η“
1429 1359 1798 1442 συνήθειαν
1822 1372 1955 1427 τῶν
1982 1361 2211 1449 αδικη-

258 1445 534 1529 4ματων
561 1444 716 1530 ὗμιν
740 1452 1158 1535 ἐμπεποιήκῃ.
1210 1479 1296 1527 ως
1323 1453 1401 1536 δή
1426 1481 1538 1578 μοι
1564 1456 1797 1522 δοκειτ
1829 1486 1913 1523 αν
1936 1459 2113 1544 ὅμως
2143 1466 2214 1528 ἐκ

307 1545 567 1610 τούτων
587 1549 694 1611 και
715 1554 968 1628 γνῶναι
991 1574 1069 1611 τα
1098 1554 1313 1614 δίκαια
1339 1555 1448 1615 καὶ
1485 1554 1746 1619 δικασαι
1783 1559 1965 1627 νυνὶ
2011 1561 2209 1626 τοῦθ

309 1640 468 1725 ὑμῖν
501 1646 694 1719 λέξω·
741 1650 800 1709 εί
830 1647 1192 1722 σκέψαισθε
1227 1671 1360 1732 παρ
1414 1647 1571 1731 ’ὗμιν
1594 1650 1817 1729 αὐτοῖς
1834 1706 1849 1735 ,
1899 1683 1947 1719 ω
1976 1657 2213 1742 ανδρες

308 1743 633 1822 δικασταὶ,
681 1767 789 1806 και
812 1748 1198 1824 λογισαισθε
1218 1750 1420 1811 τίνων
1444 1751 1759 1834 προσήκει
1781 1763 1860 1839 τῇ
1883 1756 2071 1821 πόλει
2091 1757 2211 1822 λό-

306 1862 429 1918 γον
452 1861 628 1921 παρα
654 1848 1064 1924 πρεσβευτου
1086 1851 1327 1927 λαβειν.
1398 1855 1662 1929 πρῶτον
1698 1849 1818 1932 μὲν
1848 1860 2078 1920 τοίνυν
2113 1881 2209 1919 ων

307 1933 690 2019 απήγγειλε
719 1938 1029 2022 δεύτερον
1052 1941 1122 2007 δὲ
1149 1968 1243 2005 ων
1267 1947 1481 2009 ἔπεισε
1498 1954 1763 2027 ,τρίτον
1788 1948 1904 2015 δὲ
1884 1976 1980 2016 ων
2001 1972 2212 2037 προσ-

312 2037 573 2111 ετοὲξατε
619 2034 832 2120 αὐτῷ,
880 2064 1040 2121 μετα
1082 2049 1290 2104 ταῦτα
1335 2051 1469 2108 τῶν
1510 2044 1806 2164 χρόνων,
1857 2048 1961 2131 ἐφ’
2005 2050 2210 2116 α’πασι

307 2129 376 2195 δὲ
408 2132 697 2217 τούτοις,
745 2140 804 2198 εί
834 2133 1412 2220 αδωροδοκήτως
1381 2138 1424 2255 ή
1456 2140 1543 2224 μὴ
1582 2167 1796 2209 παντα
1842 2154 2049 2211 ταῦτα
2093 2153 2211 2213 πέ-

254 2248 285 2296 5
307 2252 600 2309 πρακται
679 2237 743 2295 τί
771 2233 1009 2316 δήποτε
1044 2237 1329 2313 τούτων;
1378 2236 1476 2304 ὅτι
1509 2243 1579 2305 ἐκ
1616 2242 1736 2324 μὲν
1758 2252 1893 2310 τῶν
1918 2270 2218 2330 απαγγε-

304 2332 468 2391 λιωυ
518 2326 590 2390 τό
651 2330 1153 2410 βουλεύσασθαι
1211 2337 1360 2416 περὶ
1413 2364 1548 2402 των
1606 2344 2008 2424 πραγματων
2051 2344 2210 2429 ὑμιν

303 2427 507 2488 ἐστίν·
555 2452 640 2488 αν
660 2425 782 2508 μὲν
804 2432 926 2492 οὐν
952 2432 1114 2494 ωσιν
1139 2429 1443 2519 αληθεις,
1475 2462 1554 2500 τα
1581 2441 1860 2503 δέοντα
1837 2446 2097 2528 ε’γνωτε,
2125 2471 2211 2508 αν

303 2520 372 2583 δὲ
395 2518 483 2602 μὴ
506 2531 828 2604 τοιαῦται,
852 2524 1182 2593 ταναντιἏα
1248 2557 1362 2606 τας
1387 2531 1457 2595 δὲ
1479 2543 1886 2618 συμβουλίας
1908 2544 2211 2606 πιστοτέ-

302 2641 420 2698 ρας
442 2614 925 2702 ὑπολαμβανετ’
957 2622 1125 2687 εἶναι
1147 2650 1262 2700 τας
1285 2652 1423 2691 των
1445 2635 1816 2714 πρέσβεων
1853 2631 1939 2708 ὡς
1959 2661 2087 2717 γαρ
2115 2644 2209 2702 εἰ-

303 2714 515 2780 δότων
551 2717 698 2800 περὶ
734 2744 828 2782 ων
863 2722 1301 2804 ἐπέμφθησαν
1339 2722 1645 2790 ακούετε·
1697 2727 1895 2794 ουδὲν
1920 2735 2045 2796 οὐν
2068 2736 2208 2810 ἐξε-

300 2814 651 2895 λε’γχεσθαι
704 2816 951 2893 δίκαιός
996 2822 1170 2883 ἐστιν
1213 2817 1245 2885 6
1294 2826 1699 2908 πρεσβευτὴς
1743 2838 2008 2910 φαυλον
2053 2830 2198 2902 οὐδ’

147 2981 165 2986 .-
248 2926 281 2978 ὁ
299 2908 694 2996 ασύμφορον
719 2911 877 2997 ὑμῖν
901 2920 1509 3001 συμβεβουλευκώς.
1559 2926 1667 2988 καὶ
1689 2924 1821 3009 μὴν
1846 2930 1994 3011 περὶ
2018 2931 2112 2994 ὠν
2134 2957 2207 3013 γε

297 3009 731 3090 προσεταξατ’
774 3019 978 3078 εἰπεῖν
1015 3012 1057 3097 ἢ
1093 3022 1334 3098 πρᾶξαι
1355 3021 1462 3082 και
1489 3022 1853 3107 διαρρήδην
1878 3028 2208 3109 ἐψηφισακ

296 3114 423 3169 σθε
463 3113 761 3190 ποιῆσαι,
807 3113 1123 3194 προσήκει
1163 3118 1569 3234 διῳκηκέναι.
1640 3117 1797 3184 εἷεν·
1843 3128 1981 3187 των
2018 3127 2087 3189 δὲ
2125 3125 2202 3210 δὴ

296 3202 553 3285 χρόνων
582 3200 686 3268 δια
711 3211 799 3282 τίς
824 3206 925 3272 ὅτι
948 3209 1281 3293 πολλάκις,
1310 3240 1360 3278 ω
1386 3213 1625 3298 ἄνδρες
1644 3215 2005 3306 Ἀθηναῖοι,
2034 3244 2204 3308 συμ-
2221 3243 2332 3295 343

296 3307 507 3384 βαίνει
525 3310 790 3368 πολλων
806 3307 1213 3392 πραγματων
1232 3314 1342 3376 καὶ
1361 3314 1669 3398 μεγαλων
1690 3343 1926 3400 καιρον
1947 3324 2018 3386 ἐν
2034 3329 2203 3405 βρα-

295 3414 397 3482 χει
432 3400 647 3486 χρόνω
691 3409 1068 3490 γίγνεσθαι
1120 3404 1199 3473 ὃν
1242 3409 1363 3476 εἀν
1395 3438 1493 3490 τις
1525 3411 1697 3481 ἕκων
1741 3425 2024 3502 καθυφῇ
2067 3434 2202 3497 τοις

295 3501 614 3577 ἐναντίοις
648 3504 756 3569 καὶ
792 3509 1046 3593 προδω,
1095 3504 1241 3573 οὐδ’
1284 3504 1438 3575 o'c'v‘
1407 3522 1637 3580 οτιοῦν
1660 3522 1814 3599 ποιῆ
1839 3516 2041 3582 παλιν
2066 3514 2202 3596 οἷός

1783 3601 1894 3665 19*
