<?xml version="1.0" encoding="UTF-8"?>
<!DOCTYPE html PUBLIC "-//W3C//DTD XHTML 1.0 Transitional//EN"
    "http://www.w3.org/TR/xhtml1/DTD/xhtml1-transitional.dtd">
<html xmlns="http://www.w3.org/1999/xhtml" xml:lang="en" lang="en">
 <head>
  <title>
</title>
<meta http-equiv="Content-Type" content="text/html;charset=utf-8" />
  <meta name='ocr-system' content='tesseract 3.04.00' />
  <meta name='ocr-capabilities' content='ocr_page ocr_carea ocr_par ocr_line ocrx_word'/>
</head>
<body>
  <div class='ocr_page' id='page_1' title='image "./demosthenisorat13demogoog_0090.png"; bbox 0 0 2622 4065; ppageno 0'>
   <div class='ocr_carea' id='block_1_1' title="bbox 2359 66 2551 247">
    <p class='ocr_par' dir='ltr' id='par_1_1' title="bbox 2359 66 2551 247">
     <span class='ocr_line' id='line_1_1' title="bbox 2359 66 2551 247; baseline 0 3818"><span class='ocrx_word' id='word_1_1' title='bbox 2359 66 2551 247; x_wconf 95' lang='lat' dir='ltr'><strong><em> </em></strong></span> 
     </span>
    </p>
   </div>
   <div class='ocr_carea' id='block_1_2' title="bbox 299 275 1921 361">
    <p class='ocr_par' dir='ltr' id='par_1_2' title="bbox 299 275 1921 361">
     <span class='ocr_line' id='line_1_2' title="bbox 299 275 1921 361; baseline 0.018 -29"><span class='ocrx_word' id='word_1_2' title='bbox 299 281 301 284; x_wconf 86' lang='grc'><strong>’</strong></span> <span class='ocrx_word' id='word_1_3' title='bbox 369 275 542 339; x_wconf 77' lang='lat'><strong>-272</strong></span> <span class='ocrx_word' id='word_1_4' title='bbox 830 288 1018 350; x_wconf 87' lang='lat' dir='ltr'>XVIII</span> <span class='ocrx_word' id='word_1_5' title='bbox 1089 284 1921 361; x_wconf 76' lang='grc' dir='ltr'><em>ΔΗΜΟΣΘΕΝΟΤΣ</em></span> 
     </span>
    </p>
   </div>
   <div class='ocr_carea' id='block_1_3' title="bbox 298 435 2452 1711">
    <p class='ocr_par' dir='ltr' id='par_1_3' title="bbox 298 435 2452 1711">
     <span class='ocr_line' id='line_1_3' title="bbox 420 435 2325 543; baseline 0.016 -41"><span class='ocrx_word' id='word_1_6' title='bbox 420 435 791 527; x_wconf 72' lang='grc' dir='ltr'><em>ὀνομάζων,</em></span> <span class='ocrx_word' id='word_1_7' title='bbox 825 442 909 520; x_wconf 75' lang='grc' dir='ltr'><strong><em>ὡς</em></strong></span> <span class='ocrx_word' id='word_1_8' title='bbox 932 444 1050 511; x_wconf 72' lang='grc' dir='ltr'><strong><em>ἐὰν</em></strong></span> <span class='ocrx_word' id='word_1_9' title='bbox 1074 449 1396 534; x_wconf 85' lang='grc' dir='ltr'><strong><em>πρότερός</em></strong></span> <span class='ocrx_word' id='word_1_10' title='bbox 1430 479 1524 530; x_wconf 88' lang='grc' dir='ltr'><strong><em>τις</em></strong></span> <span class='ocrx_word' id='word_1_11' title='bbox 1550 465 1696 542; x_wconf 74' lang='grc' dir='ltr'><strong><em>εἴπῃ</em></strong></span> <span class='ocrx_word' id='word_1_12' title='bbox 1719 485 1798 523; x_wconf 90' lang='grc' dir='ltr'><strong><em>τα</em></strong></span> <span class='ocrx_word' id='word_1_13' title='bbox 1821 459 2141 543; x_wconf 76' lang='grc' dir='ltr'><strong><em>προσόνθ’</em></strong></span> <span class='ocrx_word' id='word_1_14' title='bbox 2169 465 2325 530; x_wconf 76' lang='grc' dir='ltr'><strong><em>ἑαυ-</em></strong></span> 
     </span>
     <span class='ocr_line' id='line_1_4' title="bbox 421 538 2324 657; baseline 0.014 -55"><span class='ocrx_word' id='word_1_15' title='bbox 421 544 511 602; x_wconf 77' lang='grc' dir='ltr'><strong><em>τῶ</em></strong></span> <span class='ocrx_word' id='word_1_16' title='bbox 522 541 687 657; x_wconf 84' lang='grc' dir='ltr'><strong><em>περὶ</em></strong></span> <span class='ocrx_word' id='word_1_17' title='bbox 716 538 941 626; x_wconf 87' lang='grc' dir='ltr'><strong><em>α’λλου,</em></strong></span> <span class='ocrx_word' id='word_1_18' title='bbox 984 547 1092 610; x_wconf 82' lang='grc' dir='ltr'><strong><em>καὶ</em></strong></span> <span class='ocrx_word' id='word_1_19' title='bbox 1117 546 1195 630; x_wconf 79' lang='grc' dir='ltr'><strong><em>δὴ</em></strong></span> <span class='ocrx_word' id='word_1_20' title='bbox 1233 547 1424 613; x_wconf 82' lang='grc' dir='ltr'><strong><em>ταῦθ’</em></strong></span> <span class='ocrx_word' id='word_1_21' title='bbox 1454 550 1663 631; x_wconf 80' lang='grc' dir='ltr'><strong><em>οὕτως</em></strong></span> <span class='ocrx_word' id='word_1_22' title='bbox 1687 560 1936 646; x_wconf 81' lang='grc' dir='ltr'><strong><em>ἔχοντα,</em></strong></span> <span class='ocrx_word' id='word_1_23' title='bbox 1973 564 2080 626; x_wconf 85' lang='grc' dir='ltr'><strong><em>καὶ</em></strong></span> <span class='ocrx_word' id='word_1_24' title='bbox 2104 559 2324 628; x_wconf 82' lang='grc' dir='ltr'><strong><em>οὐκέτι</em></strong></span> 
     </span>
     <span class='ocr_line' id='line_1_5' title="bbox 420 634 2320 734; baseline 0.014 -35"><span class='ocrx_word' id='word_1_25' title='bbox 420 634 579 713; x_wconf 75' lang='grc' dir='ltr'><strong><em>τοὺς</em></strong></span> <span class='ocrx_word' id='word_1_26' title='bbox 613 636 981 718; x_wconf 70' lang='grc' dir='ltr'><strong><em>ἀκούοντας</em></strong></span> <span class='ocrx_word' id='word_1_27' title='bbox 1017 649 1466 729; x_wconf 78' lang='grc' dir='ltr'><strong><em>σκεψομένους</em></strong></span> <span class='ocrx_word' id='word_1_28' title='bbox 1509 657 1604 727; x_wconf 85' lang='grc' dir='ltr'><strong><em>τίς</em></strong></span> <span class='ocrx_word' id='word_1_29' title='bbox 1647 654 1795 719; x_wconf 87' lang='grc' dir='ltr'><strong><em>ποτ’</em></strong></span> <span class='ocrx_word' id='word_1_30' title='bbox 1835 655 2030 734; x_wconf 80' lang='grc' dir='ltr'><strong><em>αὐτός</em></strong></span> <span class='ocrx_word' id='word_1_31' title='bbox 2076 662 2250 725; x_wconf 83' lang='grc' dir='ltr'><strong><em>ἐστιν</em></strong></span> <span class='ocrx_word' id='word_1_32' title='bbox 2285 657 2320 726; x_wconf 86' lang='lat'><strong><em>6</em></strong></span> 
     </span>
     <span class='ocr_line' id='line_1_6' title="bbox 422 739 2323 830; baseline 0.014 -33"><span class='ocrx_word' id='word_1_33' title='bbox 422 741 627 800; x_wconf 86' lang='grc' dir='ltr'><strong><em>ταῦτα</em></strong></span> <span class='ocrx_word' id='word_1_34' title='bbox 649 740 875 819; x_wconf 87' lang='grc' dir='ltr'><strong><em>λέ.γων</em></strong></span> <span class='ocrx_word' id='word_1_35' title='bbox 927 740 1052 823; x_wconf 73' lang='grc' dir='ltr'><strong><em>ἐγώ</em></strong></span> <span class='ocrx_word' id='word_1_36' title='bbox 1079 739 1141 806; x_wconf 77' lang='grc' dir='ltr'><strong><em>δ’</em></strong></span> <span class='ocrx_word' id='word_1_37' title='bbox 1161 742 1328 809; x_wconf 78' lang='grc' dir='ltr'><strong><em>οἷδ’</em></strong></span> <span class='ocrx_word' id='word_1_38' title='bbox 1304 745 1404 810; x_wconf 85' lang='grc' dir='ltr'><strong><em>ότι</em></strong></span> <span class='ocrx_word' id='word_1_39' title='bbox 1426 749 1825 830; x_wconf 73' lang='grc' dir='ltr'><em>γιγνώσκετε</em></span> <span class='ocrx_word' id='word_1_40' title='bbox 1850 762 2088 821; x_wconf 88' lang='grc' dir='ltr'><strong><em>τοῦτον</em></strong></span> <span class='ocrx_word' id='word_1_41' title='bbox 2107 755 2323 822; x_wconf 79' lang='grc' dir='ltr'><strong><em>ἅπαν-</em></strong></span> 
     </span>
     <span class='ocr_line' id='line_1_7' title="bbox 421 833 2321 939; baseline 0.015 -45"><span class='ocrx_word' id='word_1_42' title='bbox 421 857 544 915; x_wconf 86' lang='grc' dir='ltr'><strong><em>τες,</em></strong></span> <span class='ocrx_word' id='word_1_43' title='bbox 564 836 671 896; x_wconf 81' lang='grc' dir='ltr'><strong><em>καὶ</em></strong></span> <span class='ocrx_word' id='word_1_44' title='bbox 695 833 866 900; x_wconf 74' lang='grc' dir='ltr'><strong><em>πολὺ</em></strong></span> <span class='ocrx_word' id='word_1_45' title='bbox 879 837 1092 925; x_wconf 77' lang='grc' dir='ltr'><strong><em>τούτῳ</em></strong></span> <span class='ocrx_word' id='word_1_46' title='bbox 1110 842 1409 923; x_wconf 77' lang='grc' dir='ltr'><strong><em>μᾶλλον</em></strong></span> <span class='ocrx_word' id='word_1_47' title='bbox 1380 871 1418 927; x_wconf 90' lang='grc' dir='ltr'><strong><em>η</em></strong></span> <span class='ocrx_word' id='word_1_48' title='bbox 1439 848 1578 928; x_wconf 80' lang='grc' dir='ltr'><strong><em>ἐμοὶ</em></strong></span> <span class='ocrx_word' id='word_1_49' title='bbox 1594 856 1881 933; x_wconf 81' lang='grc' dir='ltr'><strong><em>νομίζετε</em></strong></span> <span class='ocrx_word' id='word_1_50' title='bbox 1894 863 2099 919; x_wconf 84' lang='grc' dir='ltr'><strong><em>ταῦτα</em></strong></span> <span class='ocrx_word' id='word_1_51' title='bbox 2114 877 2321 939; x_wconf 90' lang='grc' dir='ltr'><strong><em>προσ-</em></strong></span> 
     </span>
     <span class='ocr_line' id='line_1_8' title="bbox 298 930 2321 1033; baseline 0.013 -44"><span class='ocrx_word' id='word_1_52' title='bbox 298 935 399 989; x_wconf 78' lang='lat'><strong><em>277</em></strong></span> <span class='ocrx_word' id='word_1_53' title='bbox 425 942 608 994; x_wconf 87' lang='grc' dir='ltr'><strong><em>εῖναι.</em></strong></span> <span class='ocrx_word' id='word_1_54' title='bbox 690 930 956 1000; x_wconf 76' lang='grc' dir='ltr'><strong><em>κάκεῖνο</em></strong></span> <span class='ocrx_word' id='word_1_55' title='bbox 994 930 1071 1001; x_wconf 79' lang='lat'><strong><em>56</em></strong></span> <span class='ocrx_word' id='word_1_56' title='bbox 1096 936 1220 1004; x_wconf 81' lang='grc' dir='ltr'><strong><em>οἶδ</em></strong></span> <span class='ocrx_word' id='word_1_57' title='bbox 1253 939 1356 1005; x_wconf 86' lang='grc' dir='ltr'><strong><em>ότι</em></strong></span> <span class='ocrx_word' id='word_1_58' title='bbox 1378 940 1501 1024; x_wconf 80' lang='grc' dir='ltr'><strong><em>τὴν</em></strong></span> <span class='ocrx_word' id='word_1_59' title='bbox 1526 943 1690 1029; x_wconf 79' lang='grc' dir='ltr'><strong><em>ἐμὴν</em></strong></span> <span class='ocrx_word' id='word_1_60' title='bbox 1731 949 2321 1033; x_wconf 78' lang='grc' dir='ltr'><strong><em>δεινότητα-ἒστω</em></strong></span> 
     </span>
     <span class='ocr_line' id='line_1_9' title="bbox 421 1027 2320 1144; baseline 0.013 -53"><span class='ocrx_word' id='word_1_61' title='bbox 421 1027 571 1144; x_wconf 72' lang='grc' dir='ltr'><strong><em>γάρ.</em></strong></span> <span class='ocrx_word' id='word_1_62' title='bbox 642 1035 853 1095; x_wconf 85' lang='grc' dir='ltr'><strong><em>καίτοι</em></strong></span> <span class='ocrx_word' id='word_1_63' title='bbox 899 1032 1083 1117; x_wconf 83' lang='grc' dir='ltr'><strong><em>ἔγωγ</em></strong></span> <span class='ocrx_word' id='word_1_64' title='bbox 1113 1034 1276 1115; x_wconf 87' lang='grc' dir='ltr'><strong><em>ὁρω</em></strong></span> <span class='ocrx_word' id='word_1_65' title='bbox 1267 1046 1407 1121; x_wconf 84' lang='grc' dir='ltr'><strong><em>τῆς</em></strong></span> <span class='ocrx_word' id='word_1_66' title='bbox 1441 1048 1574 1106; x_wconf 75' lang='grc' dir='ltr'><strong><em>τῶν</em></strong></span> <span class='ocrx_word' id='word_1_67' title='bbox 1609 1046 1938 1125; x_wconf 89' lang='grc' dir='ltr'><strong><em>λεγόντων</em></strong></span> <span class='ocrx_word' id='word_1_68' title='bbox 1978 1048 2320 1132; x_wconf 88' lang='grc' dir='ltr'><strong><em>δυναμεως</em></strong></span> 
     </span>
     <span class='ocr_line' id='line_1_10' title="bbox 421 1122 2322 1234; baseline 0.012 -45"><span class='ocrx_word' id='word_1_69' title='bbox 421 1122 579 1201; x_wconf 73' lang='grc' dir='ltr'><strong><em>τοὺς</em></strong></span> <span class='ocrx_word' id='word_1_70' title='bbox 603 1125 970 1207; x_wconf 75' lang='grc' dir='ltr'><strong><em>ἀκούοντας</em></strong></span> <span class='ocrx_word' id='word_1_71' title='bbox 996 1130 1067 1197; x_wconf 85' lang='grc' dir='ltr'><strong><em>τὸ</em></strong></span> <span class='ocrx_word' id='word_1_72' title='bbox 1097 1142 1404 1201; x_wconf 85' lang='grc' dir='ltr'><strong><em>πλεῖστον</em></strong></span> <span class='ocrx_word' id='word_1_73' title='bbox 1427 1146 1727 1219; x_wconf 86' lang='grc' dir='ltr'><strong><em>κυρίους·</em></strong></span> <span class='ocrx_word' id='word_1_74' title='bbox 1770 1141 1853 1218; x_wconf 75' lang='grc' dir='ltr'><strong><em>ὡς</em></strong></span> <span class='ocrx_word' id='word_1_75' title='bbox 1875 1170 2000 1227; x_wconf 91' lang='grc' dir='ltr'><strong><em>γαρ</em></strong></span> <span class='ocrx_word' id='word_1_76' title='bbox 2032 1141 2116 1210; x_wconf 73' lang='grc' dir='ltr'><strong><em>ἂν</em></strong></span> <span class='ocrx_word' id='word_1_77' title='bbox 2139 1145 2322 1234; x_wconf 76' lang='grc' dir='ltr'><strong><em>ὑμεῖς</em></strong></span> 
     </span>
     <span class='ocr_line' id='line_1_11' title="bbox 423 1219 2314 1325; baseline 0.014 -41"><span class='ocrx_word' id='word_1_78' title='bbox 423 1219 835 1306; x_wconf 70' lang='grc' dir='ltr'><strong><em>ἀποδέξησθε</em></strong></span> <span class='ocrx_word' id='word_1_79' title='bbox 857 1228 964 1290; x_wconf 82' lang='grc' dir='ltr'><strong><em>καὶ</em></strong></span> <span class='ocrx_word' id='word_1_80' title='bbox 998 1231 1163 1313; x_wconf 82' lang='grc' dir='ltr'><strong><em>πρὸς</em></strong></span> <span class='ocrx_word' id='word_1_81' title='bbox 1186 1232 1467 1299; x_wconf 76' lang='grc' dir='ltr'><strong><em>ἕκαστον</em></strong></span> <span class='ocrx_word' id='word_1_82' title='bbox 1505 1237 1676 1320; x_wconf 79' lang='grc' dir='ltr'><strong><em>ἔχητ’</em></strong></span> <span class='ocrx_word' id='word_1_83' title='bbox 1707 1238 2001 1325; x_wconf 84' lang='grc' dir='ltr'><strong><em>ευνοίας,</em></strong></span> <span class='ocrx_word' id='word_1_84' title='bbox 2050 1241 2257 1320; x_wconf 78' lang='grc' dir='ltr'><strong><em>οὕτως</em></strong></span> <span class='ocrx_word' id='word_1_85' title='bbox 2282 1241 2314 1309; x_wconf 90' lang='lat'><strong><em>6</em></strong></span> 
     </span>
     <span class='ocr_line' id='line_1_12' title="bbox 418 1322 2452 1422; baseline 0.013 -40"><span class='ocrx_word' id='word_1_86' title='bbox 418 1322 630 1402; x_wconf 82' lang='grc' dir='ltr'><strong><em>λέγων</em></strong></span> <span class='ocrx_word' id='word_1_87' title='bbox 667 1325 847 1399; x_wconf 82' lang='grc' dir='ltr'><strong><em>ἔδοξε</em></strong></span> <span class='ocrx_word' id='word_1_88' title='bbox 881 1339 1173 1406; x_wconf 75' lang='grc' dir='ltr'><strong><em>φρονεῖν.</em></strong></span> <span class='ocrx_word' id='word_1_89' title='bbox 1247 1335 1304 1395; x_wconf 76' lang='grc' dir='ltr'><strong><em>εἰ</em></strong></span> <span class='ocrx_word' id='word_1_90' title='bbox 1340 1329 1402 1395; x_wconf 83' lang='grc' dir='ltr'><strong><em>δ’</em></strong></span> <span class='ocrx_word' id='word_1_91' title='bbox 1432 1358 1557 1398; x_wconf 90' lang='grc' dir='ltr'><strong><em>ουν</em></strong></span> <span class='ocrx_word' id='word_1_92' title='bbox 1594 1337 1724 1398; x_wconf 84' lang='grc' dir='ltr'><strong><em>ἐστι</em></strong></span> <span class='ocrx_word' id='word_1_93' title='bbox 1760 1340 1866 1401; x_wconf 84' lang='grc' dir='ltr'><strong><em>και</em></strong></span> <span class='ocrx_word' id='word_1_94' title='bbox 1888 1361 2020 1420; x_wconf 91' lang='grc' dir='ltr'><strong><em>παρ</em></strong></span> <span class='ocrx_word' id='word_1_95' title='bbox 2063 1342 2210 1422; x_wconf 81' lang='grc' dir='ltr'><strong><em>ἐμοί</em></strong></span> <span class='ocrx_word' id='word_1_96' title='bbox 2224 1367 2322 1417; x_wconf 85' lang='grc' dir='ltr'><strong><em>τις</em></strong></span> <span class='ocrx_word' id='word_1_97' title='bbox 2449 1417 2452 1418; x_wconf 15' lang='lat'><em>⁷</em></span> 
     </span>
     <span class='ocr_line' id='line_1_13' title="bbox 420 1419 2379 1547; baseline 0.011 -67"><span class='ocrx_word' id='word_1_98' title='bbox 420 1419 722 1502; x_wconf 73' lang='grc' dir='ltr'><strong><em>ἐμπειρία</em></strong></span> <span class='ocrx_word' id='word_1_99' title='bbox 744 1421 1010 1504; x_wconf 80' lang='grc' dir='ltr'><strong><em>τοιαύτη</em></strong></span> <span class='ocrx_word' id='word_1_100' title='bbox 1027 1473 1045 1504; x_wconf 97' lang='grc'><strong><em>,</em></strong></span> <span class='ocrx_word' id='word_1_101' title='bbox 1088 1424 1335 1547; x_wconf 83' lang='grc' dir='ltr'><strong><em>ταύτην</em></strong></span> <span class='ocrx_word' id='word_1_102' title='bbox 1362 1429 1481 1510; x_wconf 77' lang='grc' dir='ltr'><strong><em>μὲν</em></strong></span> <span class='ocrx_word' id='word_1_103' title='bbox 1505 1427 1810 1515; x_wconf 78' lang='grc' dir='ltr'><strong><em>εὑρήσετε</em></strong></span> <span class='ocrx_word' id='word_1_104' title='bbox 1833 1456 2072 1512; x_wconf 88' lang='grc' dir='ltr'><strong><em>παντες</em></strong></span> <span class='ocrx_word' id='word_1_105' title='bbox 2095 1438 2166 1502; x_wconf 82' lang='grc' dir='ltr'><strong><em>ἐν</em></strong></span> <span class='ocrx_word' id='word_1_106' title='bbox 2187 1451 2322 1512; x_wconf 89' lang='grc' dir='ltr'><strong><em>τοῖς</em></strong></span> <span class='ocrx_word' id='word_1_107' title='bbox 2377 1461 2379 1463; x_wconf 90' lang='grc'><strong><em>·</em></strong></span> 
     </span>
     <span class='ocr_line' id='line_1_14' title="bbox 420 1519 2315 1636; baseline 0.01 -56"><span class='ocrx_word' id='word_1_108' title='bbox 420 1528 673 1591; x_wconf 75' lang='grc' dir='ltr'><strong><em>κοινοῖς</em></strong></span> <span class='ocrx_word' id='word_1_109' title='bbox 691 1519 1203 1636; x_wconf 81' lang='grc' dir='ltr'><strong><em>ἐξεταζομένην</em></strong></span> <span class='ocrx_word' id='word_1_110' title='bbox 1170 1524 1338 1608; x_wconf 79' lang='grc' dir='ltr'><strong><em>υπὲρ</em></strong></span> <span class='ocrx_word' id='word_1_111' title='bbox 1363 1522 1553 1608; x_wconf 76' lang='grc' dir='ltr'><strong><em>ὐμων</em></strong></span> <span class='ocrx_word' id='word_1_112' title='bbox 1591 1525 1689 1593; x_wconf 85' lang='grc' dir='ltr'><strong><em>αεὶ</em></strong></span> <span class='ocrx_word' id='word_1_113' title='bbox 1711 1531 1818 1593; x_wconf 85' lang='grc' dir='ltr'><strong><em>καὶ</em></strong></span> <span class='ocrx_word' id='word_1_114' title='bbox 1843 1529 2141 1615; x_wconf 81' lang='grc' dir='ltr'><strong><em>οὐδαμοῦ</em></strong></span> <span class='ocrx_word' id='word_1_115' title='bbox 2164 1530 2315 1598; x_wconf 75' lang='grc' dir='ltr'><strong><em>καθ’</em></strong></span> 
     </span>
     <span class='ocr_line' id='line_1_15' title="bbox 349 1610 2318 1711; baseline 0.011 -37"><span class='ocrx_word' id='word_1_116' title='bbox 349 1687 352 1688; x_wconf 16' lang='lat'><em>⁷</em></span> <span class='ocrx_word' id='word_1_117' title='bbox 419 1610 613 1695; x_wconf 69' lang='grc' dir='ltr'><strong><em>ὑμῶν</em></strong></span> <span class='ocrx_word' id='word_1_118' title='bbox 637 1612 783 1680; x_wconf 83' lang='lat'><em>066&#39;</em></span> <span class='ocrx_word' id='word_1_119' title='bbox 814 1621 977 1702; x_wconf 79' lang='grc' dir='ltr'><strong><em>ιδία,</em></strong></span> <span class='ocrx_word' id='word_1_120' title='bbox 1026 1617 1149 1701; x_wconf 78' lang='grc' dir='ltr'><strong><em>τὴν</em></strong></span> <span class='ocrx_word' id='word_1_121' title='bbox 1187 1623 1256 1685; x_wconf 90' lang='lat'><strong><em>65</em></strong></span> <span class='ocrx_word' id='word_1_122' title='bbox 1292 1624 1537 1689; x_wconf 81' lang='grc' dir='ltr'><strong><em>τούτου</em></strong></span> <span class='ocrx_word' id='word_1_123' title='bbox 1571 1624 1964 1692; x_wconf 79' lang='grc' dir='ltr'><strong><em>τούναντίον</em></strong></span> <span class='ocrx_word' id='word_1_124' title='bbox 2001 1626 2082 1694; x_wconf 82' lang='lat'><strong><em>06</em></strong></span> <span class='ocrx_word' id='word_1_125' title='bbox 2105 1629 2318 1711; x_wconf 88' lang='grc' dir='ltr'><strong><em>μόνον</em></strong></span> 
     </span>
    </p>
   </div>
   <div class='ocr_carea' id='block_1_4' title="bbox 274 1710 2544 3562">
    <p class='ocr_par' dir='ltr' id='par_1_4' title="bbox 416 1710 2316 1907">
     <span class='ocr_line' id='line_1_16' title="bbox 417 1710 2316 1810; baseline 0.011 -38"><span class='ocrx_word' id='word_1_126' title='bbox 417 1716 508 1794; x_wconf 74' lang='grc' dir='ltr'><strong><em>τῷ</em></strong></span> <span class='ocrx_word' id='word_1_127' title='bbox 534 1711 751 1791; x_wconf 84' lang='grc' dir='ltr'><strong><em>λέγειν</em></strong></span> <span class='ocrx_word' id='word_1_128' title='bbox 774 1710 938 1796; x_wconf 79' lang='grc' dir='ltr'><strong><em>ὑπὲρ</em></strong></span> <span class='ocrx_word' id='word_1_129' title='bbox 963 1741 1095 1779; x_wconf 86' lang='grc' dir='ltr'><strong><em>των</em></strong></span> <span class='ocrx_word' id='word_1_130' title='bbox 1117 1721 1400 1804; x_wconf 74' lang='grc' dir='ltr'><strong><em>εχθρῶν,</em></strong></span> <span class='ocrx_word' id='word_1_131' title='bbox 1440 1719 1604 1786; x_wconf 84' lang='grc' dir='ltr'><strong><em>αλλα</em></strong></span> <span class='ocrx_word' id='word_1_132' title='bbox 1627 1726 1734 1788; x_wconf 80' lang='grc' dir='ltr'><strong><em>καὶ</em></strong></span> <span class='ocrx_word' id='word_1_133' title='bbox 1758 1735 1823 1789; x_wconf 69' lang='grc' dir='ltr'><strong><em>εἴ</em></strong></span> <span class='ocrx_word' id='word_1_134' title='bbox 1838 1751 1929 1800; x_wconf 90' lang='grc' dir='ltr'><strong><em>τις</em></strong></span> <span class='ocrx_word' id='word_1_135' title='bbox 1954 1725 2238 1810; x_wconf 80' lang='grc' dir='ltr'><strong><em>ἐλύπησέ</em></strong></span> <span class='ocrx_word' id='word_1_136' title='bbox 2250 1752 2316 1792; x_wconf 82' lang='grc' dir='ltr'><strong><em>τι</em></strong></span> 
     </span>
     <span class='ocr_line' id='line_1_17' title="bbox 416 1803 2314 1931; baseline 0.009 -61"><span class='ocrx_word' id='word_1_137' title='bbox 416 1813 658 1872; x_wconf 90' lang='grc' dir='ltr'><strong><em>τοῦτον</em></strong></span> <span class='ocrx_word' id='word_1_138' title='bbox 681 1803 725 1891; x_wconf 81' lang='grc' dir='ltr'>ἠ</span> <span class='ocrx_word' id='word_1_139' title='bbox 755 1813 1213 1931; x_wconf 87' lang='grc' dir='ltr'><strong><em>προσέκρουσέ</em></strong></span> <span class='ocrx_word' id='word_1_140' title='bbox 1233 1838 1384 1899; x_wconf 89' lang='grc' dir='ltr'><strong><em>που,</em></strong></span> <span class='ocrx_word' id='word_1_141' title='bbox 1408 1844 1571 1883; x_wconf 89' lang='grc' dir='ltr'><strong><em>κατα</em></strong></span> <span class='ocrx_word' id='word_1_142' title='bbox 1595 1821 1867 1886; x_wconf 84' lang='grc' dir='ltr'><strong><em>τούτων.</em></strong></span> <span class='ocrx_word' id='word_1_143' title='bbox 1933 1820 2013 1887; x_wconf 80' lang='grc' dir='ltr'><strong><em>οὐ</em></strong></span> <span class='ocrx_word' id='word_1_144' title='bbox 2037 1848 2164 1907; x_wconf 87' lang='grc' dir='ltr'><strong><em>γαρ</em></strong></span> <span class='ocrx_word' id='word_1_145' title='bbox 2190 1849 2314 1887; x_wconf 91' lang='grc' dir='ltr'><strong><em>αυ-</em></strong></span> 
     </span>
    </p>

    <p class='ocr_par' dir='ltr' id='par_1_5' title="bbox 290 1906 2314 2580">
     <span class='ocr_line' id='line_1_18' title="bbox 290 1906 2314 2029; baseline 0.007 -60"><span class='ocrx_word' id='word_1_146' title='bbox 290 1917 397 1972; x_wconf 81' lang='grc'><strong><em>278</em></strong></span> <span class='ocrx_word' id='word_1_147' title='bbox 412 1913 494 1989; x_wconf 80' lang='grc' dir='ltr'><strong><em>τῇ</em></strong></span> <span class='ocrx_word' id='word_1_148' title='bbox 517 1909 803 1989; x_wconf 87' lang='grc' dir='ltr'><strong><em>δικαιως,</em></strong></span> <span class='ocrx_word' id='word_1_149' title='bbox 830 1906 975 1971; x_wconf 80' lang='grc' dir='ltr'><strong><em>οὐδ’</em></strong></span> <span class='ocrx_word' id='word_1_150' title='bbox 1003 1908 1101 1991; x_wconf 78' lang='grc' dir='ltr'><strong><em>ἐφ’</em></strong></span> <span class='ocrx_word' id='word_1_151' title='bbox 1131 1937 1169 1973; x_wconf 90' lang='grc' dir='ltr'><strong><em>α</em></strong></span> <span class='ocrx_word' id='word_1_152' title='bbox 1196 1916 1518 2029; x_wconf 83' lang='grc' dir='ltr'><strong><em>συμφέρει</em></strong></span> <span class='ocrx_word' id='word_1_153' title='bbox 1541 1924 1621 1999; x_wconf 80' lang='grc' dir='ltr'><strong><em>τῇ</em></strong></span> <span class='ocrx_word' id='word_1_154' title='bbox 1644 1918 1851 1999; x_wconf 88' lang='grc' dir='ltr'><strong><em>πόλει,</em></strong></span> <span class='ocrx_word' id='word_1_155' title='bbox 1875 1926 2119 2002; x_wconf 84' lang='grc' dir='ltr'><strong><em>χρῆται.</em></strong></span> <span class='ocrx_word' id='word_1_156' title='bbox 2194 1919 2314 1986; x_wconf 82' lang='grc' dir='ltr'><strong><em>οὔ-</em></strong></span> 
     </span>
     <span class='ocr_line' id='line_1_19' title="bbox 412 2002 2311 2095; baseline 0.01 -29"><span class='ocrx_word' id='word_1_157' title='bbox 412 2026 481 2067; x_wconf 84' lang='grc' dir='ltr'><strong><em>τε</em></strong></span> <span class='ocrx_word' id='word_1_158' title='bbox 522 2028 650 2085; x_wconf 86' lang='grc' dir='ltr'><strong><em>γαρ</em></strong></span> <span class='ocrx_word' id='word_1_159' title='bbox 695 2003 818 2088; x_wconf 83' lang='grc' dir='ltr'><strong><em>τὴν</em></strong></span> <span class='ocrx_word' id='word_1_160' title='bbox 860 2002 1070 2090; x_wconf 78' lang='grc' dir='ltr'><strong><em>ὀργὴν</em></strong></span> <span class='ocrx_word' id='word_1_161' title='bbox 1107 2007 1258 2074; x_wconf 76' lang='grc' dir='ltr'><strong><em>οὔτε</em></strong></span> <span class='ocrx_word' id='word_1_162' title='bbox 1292 2008 1417 2093; x_wconf 80' lang='grc' dir='ltr'><strong><em>τὴν</em></strong></span> <span class='ocrx_word' id='word_1_163' title='bbox 1462 2017 1708 2095; x_wconf 80' lang='grc' dir='ltr'><strong><em>ἔχθραν</em></strong></span> <span class='ocrx_word' id='word_1_164' title='bbox 1745 2014 1889 2081; x_wconf 71' lang='grc' dir='ltr'><strong><em>οὐτ’</em></strong></span> <span class='ocrx_word' id='word_1_165' title='bbox 1918 2014 2076 2083; x_wconf 74' lang='grc' dir='ltr'><strong><em>ἄλλο</em></strong></span> <span class='ocrx_word' id='word_1_166' title='bbox 2116 2014 2311 2084; x_wconf 80' lang='grc' dir='ltr'><strong><em>οὐδὲν</em></strong></span> 
     </span>
     <span class='ocr_line' id='line_1_20' title="bbox 409 2100 2312 2198; baseline 0.009 -34"><span class='ocrx_word' id='word_1_167' title='bbox 409 2107 546 2165; x_wconf 70' lang='grc' dir='ltr'><strong><em>τῶν</em></strong></span> <span class='ocrx_word' id='word_1_168' title='bbox 582 2100 906 2168; x_wconf 77' lang='grc' dir='ltr'><strong><em>τοιούτων</em></strong></span> <span class='ocrx_word' id='word_1_169' title='bbox 949 2105 1068 2171; x_wconf 79' lang='grc' dir='ltr'><strong><em>τὸν</em></strong></span> <span class='ocrx_word' id='word_1_170' title='bbox 1111 2105 1321 2171; x_wconf 78' lang='grc' dir='ltr'><strong><em>καλὸν</em></strong></span> <span class='ocrx_word' id='word_1_171' title='bbox 1364 2106 1672 2191; x_wconf 83' lang='grc' dir='ltr'><strong><em>καγαθὸν</em></strong></span> <span class='ocrx_word' id='word_1_172' title='bbox 1709 2120 1982 2198; x_wconf 82' lang='grc' dir='ltr'><strong><em>πολίτην</em></strong></span> <span class='ocrx_word' id='word_1_173' title='bbox 2018 2120 2123 2180; x_wconf 93' lang='grc' dir='ltr'><strong><em>δεῖ</em></strong></span> <span class='ocrx_word' id='word_1_174' title='bbox 2156 2113 2312 2192; x_wconf 75' lang='grc' dir='ltr'><strong><em>τοὺς</em></strong></span> 
     </span>
     <span class='ocr_line' id='line_1_21' title="bbox 408 2194 2310 2288; baseline 0.009 -28.009"><span class='ocrx_word' id='word_1_175' title='bbox 408 2194 574 2279; x_wconf 75' lang='grc' dir='ltr'><strong><em>ὑπὲρ</em></strong></span> <span class='ocrx_word' id='word_1_176' title='bbox 601 2223 737 2263; x_wconf 81' lang='grc' dir='ltr'><strong><em>των</em></strong></span> <span class='ocrx_word' id='word_1_177' title='bbox 760 2207 1007 2266; x_wconf 77' lang='grc' dir='ltr'><strong><em>κοινῶν</em></strong></span> <span class='ocrx_word' id='word_1_178' title='bbox 1032 2205 1541 2286; x_wconf 72' lang='grc' dir='ltr'><strong><em>εἰσεληλυθότας</em></strong></span> <span class='ocrx_word' id='word_1_179' title='bbox 1577 2209 1882 2286; x_wconf 88' lang='grc' dir='ltr'><strong><em>δικαστας</em></strong></span> <span class='ocrx_word' id='word_1_180' title='bbox 1922 2210 2153 2288; x_wconf 84' lang='grc' dir='ltr'><strong><em>αξιοῦν</em></strong></span> <span class='ocrx_word' id='word_1_181' title='bbox 2186 2210 2310 2277; x_wconf 77' lang='grc' dir='ltr'><strong><em>αὑ·-</em></strong></span> 
     </span>
     <span class='ocr_line' id='line_1_22' title="bbox 410 2297 2310 2412; baseline 0.008 -54"><span class='ocrx_word' id='word_1_182' title='bbox 410 2303 503 2382; x_wconf 77' lang='grc' dir='ltr'><strong><em>τςό</em></strong></span> <span class='ocrx_word' id='word_1_183' title='bbox 523 2302 865 2380; x_wconf 73' lang='grc' dir='ltr'><strong><em>βεβαιοῦν,</em></strong></span> <span class='ocrx_word' id='word_1_184' title='bbox 892 2297 1040 2362; x_wconf 79' lang='grc' dir='ltr'><strong><em>ουδ’</em></strong></span> <span class='ocrx_word' id='word_1_185' title='bbox 1051 2297 1235 2412; x_wconf 68' lang='grc' dir='ltr'><strong><em>ὑπὲρ</em></strong></span> <span class='ocrx_word' id='word_1_186' title='bbox 1259 2302 1517 2366; x_wconf 82' lang='grc' dir='ltr'><strong><em>τούτων</em></strong></span> <span class='ocrx_word' id='word_1_187' title='bbox 1543 2302 1688 2378; x_wconf 61' lang='grc' dir='ltr'><strong><em>εἰς“</em></strong></span> <span class='ocrx_word' id='word_1_188' title='bbox 1655 2331 1825 2386; x_wconf 88' lang='grc' dir='ltr'><strong><em>υμας</em></strong></span> <span class='ocrx_word' id='word_1_189' title='bbox 1850 2310 2144 2390; x_wconf 74' lang='grc' dir='ltr'><strong><em>εἰσιέναι,</em></strong></span> <span class='ocrx_word' id='word_1_190' title='bbox 2192 2307 2310 2372; x_wconf 86' lang='grc' dir='ltr'><strong><em>αλ-</em></strong></span> 
     </span>
     <span class='ocr_line' id='line_1_23' title="bbox 407 2391 2302 2486; baseline 0.009 -32"><span class='ocrx_word' id='word_1_191' title='bbox 407 2391 490 2455; x_wconf 82' lang='grc' dir='ltr'><strong><em>λα</em></strong></span> <span class='ocrx_word' id='word_1_192' title='bbox 515 2391 796 2473; x_wconf 86' lang='grc' dir='ltr'><strong><em>μαλιστα</em></strong></span> <span class='ocrx_word' id='word_1_193' title='bbox 831 2396 949 2475; x_wconf 79' lang='grc' dir='ltr'><strong><em>μὲν</em></strong></span> <span class='ocrx_word' id='word_1_194' title='bbox 983 2391 1069 2476; x_wconf 77' lang='grc' dir='ltr'><strong><em>μὴ</em></strong></span> <span class='ocrx_word' id='word_1_195' title='bbox 1105 2400 1275 2476; x_wconf 82' lang='grc' dir='ltr'><strong><em>ἔχειν</em></strong></span> <span class='ocrx_word' id='word_1_196' title='bbox 1311 2396 1500 2461; x_wconf 71' lang='grc' dir='ltr'><strong><em>ταῦτ’</em></strong></span> <span class='ocrx_word' id='word_1_197' title='bbox 1538 2403 1609 2462; x_wconf 83' lang='grc' dir='ltr'><strong><em>ἐν</em></strong></span> <span class='ocrx_word' id='word_1_198' title='bbox 1632 2408 1713 2482; x_wconf 79' lang='grc' dir='ltr'><strong><em>τῇ</em></strong></span> <span class='ocrx_word' id='word_1_199' title='bbox 1748 2401 1980 2486; x_wconf 81' lang='grc' dir='ltr'><strong><em>φύσει,</em></strong></span> <span class='ocrx_word' id='word_1_200' title='bbox 2029 2409 2088 2468; x_wconf 85' lang='grc' dir='ltr'><strong><em>εί</em></strong></span> <span class='ocrx_word' id='word_1_201' title='bbox 2119 2403 2182 2469; x_wconf 85' lang='lat'><strong><em>6⁷</em></strong></span> <span class='ocrx_word' id='word_1_202' title='bbox 2208 2403 2302 2485; x_wconf 77' lang='grc' dir='ltr'><strong><em>ἄρ</em></strong></span> 
     </span>
     <span class='ocr_line' id='line_1_24' title="bbox 407 2487 2307 2580; baseline 0.007 -29"><span class='ocrx_word' id='word_1_203' title='bbox 407 2487 695 2572; x_wconf 65' lang='grc' dir='ltr'><strong><em>ἄναγκη,</em></strong></span> <span class='ocrx_word' id='word_1_204' title='bbox 733 2489 959 2569; x_wconf 77' lang='grc' dir='ltr'><strong><em>πράως</em></strong></span> <span class='ocrx_word' id='word_1_205' title='bbox 984 2493 1092 2555; x_wconf 78' lang='grc' dir='ltr'><strong><em>καὶ</em></strong></span> <span class='ocrx_word' id='word_1_206' title='bbox 1127 2500 1402 2575; x_wconf 83' lang='grc' dir='ltr'><strong><em>μετριως</em></strong></span> <span class='ocrx_word' id='word_1_207' title='bbox 1428 2497 1770 2578; x_wconf 87' lang='grc' dir='ltr'><strong><em>διακείμεν</em></strong></span> <span class='ocrx_word' id='word_1_208' title='bbox 1797 2504 1981 2580; x_wconf 76' lang='grc' dir='ltr'><strong><em>ἔχειν.</em></strong></span> <span class='ocrx_word' id='word_1_209' title='bbox 2048 2503 2118 2564; x_wconf 81' lang='grc' dir='ltr'><strong><em>ἐν</em></strong></span> <span class='ocrx_word' id='word_1_210' title='bbox 2139 2506 2307 2566; x_wconf 90' lang='grc' dir='ltr'><strong><em>τίσιν</em></strong></span> 
     </span>
    </p>

    <p class='ocr_par' dir='ltr' id='par_1_6' title="bbox 348 2588 2304 2971">
     <span class='ocr_line' id='line_1_25' title="bbox 348 2588 2304 2681; baseline 0.007 -31"><span class='ocrx_word' id='word_1_211' title='bbox 348 2598 350 2600; x_wconf 83' lang='grc'><strong>’</strong></span> <span class='ocrx_word' id='word_1_212' title='bbox 409 2591 536 2652; x_wconf 79' lang='grc' dir='ltr'><strong><em>οὐν</em></strong></span> <span class='ocrx_word' id='word_1_213' title='bbox 561 2588 862 2670; x_wconf 79' lang='grc' dir='ltr'><strong><em>σφοδρὸν</em></strong></span> <span class='ocrx_word' id='word_1_214' title='bbox 887 2588 1053 2654; x_wconf 83' lang='grc' dir='ltr'><strong><em>εἶναι</em></strong></span> <span class='ocrx_word' id='word_1_215' title='bbox 1087 2589 1204 2655; x_wconf 81' lang='grc' dir='ltr'><strong><em>τὸν</em></strong></span> <span class='ocrx_word' id='word_1_216' title='bbox 1237 2592 1755 2676; x_wconf 82' lang='grc' dir='ltr'><strong><em>πολιτευόμενον</em></strong></span> <span class='ocrx_word' id='word_1_217' title='bbox 1786 2597 1893 2661; x_wconf 83' lang='grc' dir='ltr'><strong><em>καὶ</em></strong></span> <span class='ocrx_word' id='word_1_218' title='bbox 1916 2595 2034 2661; x_wconf 86' lang='grc' dir='ltr'><strong><em>τὸν</em></strong></span> <span class='ocrx_word' id='word_1_219' title='bbox 2057 2597 2304 2681; x_wconf 79' lang='grc' dir='ltr'><strong><em>ρητορα</em></strong></span> 
     </span>
     <span class='ocr_line' id='line_1_26' title="bbox 405 2680 2304 2777; baseline 0.006 -28"><span class='ocrx_word' id='word_1_220' title='bbox 405 2690 531 2763; x_wconf 72' lang='grc' dir='ltr'><strong><em>δεῖς</em></strong></span> <span class='ocrx_word' id='word_1_221' title='bbox 585 2688 658 2750; x_wconf 83' lang='grc' dir='ltr'><strong><em>ἐν</em></strong></span> <span class='ocrx_word' id='word_1_222' title='bbox 682 2680 776 2760; x_wconf 82' lang='grc' dir='ltr'><strong><em>οἷς</em></strong></span> <span class='ocrx_word' id='word_1_223' title='bbox 799 2710 933 2750; x_wconf 88' lang='grc' dir='ltr'><strong><em>των</em></strong></span> <span class='ocrx_word' id='word_1_224' title='bbox 968 2684 1144 2752; x_wconf 85' lang='grc' dir='ltr'><strong><em>όλων</em></strong></span> <span class='ocrx_word' id='word_1_225' title='bbox 1167 2714 1227 2752; x_wconf 90' lang='grc' dir='ltr'><strong><em>τι</em></strong></span> <span class='ocrx_word' id='word_1_226' title='bbox 1252 2690 1713 2757; x_wconf 76' lang='grc' dir='ltr'><strong><em>κινδυνεύεται</em></strong></span> <span class='ocrx_word' id='word_1_227' title='bbox 1736 2701 1816 2777; x_wconf 80' lang='grc' dir='ltr'><strong><em>τῇ</em></strong></span> <span class='ocrx_word' id='word_1_228' title='bbox 1839 2694 2024 2758; x_wconf 86' lang='grc' dir='ltr'><strong><em>πόλει</em></strong></span> <span class='ocrx_word' id='word_1_229' title='bbox 2040 2744 2056 2775; x_wconf 96' lang='grc'><strong><em>,</em></strong></span> <span class='ocrx_word' id='word_1_230' title='bbox 2102 2697 2211 2759; x_wconf 82' lang='grc' dir='ltr'><strong><em>καὶ</em></strong></span> <span class='ocrx_word' id='word_1_231' title='bbox 2234 2700 2304 2760; x_wconf 84' lang='grc' dir='ltr'><strong><em>ἐν</em></strong></span> 
     </span>
     <span class='ocr_line' id='line_1_27' title="bbox 402 2778 2304 2875; baseline 0.006 -29"><span class='ocrx_word' id='word_1_232' title='bbox 402 2778 497 2857; x_wconf 84' lang='grc' dir='ltr'><strong><em>οἷς</em></strong></span> <span class='ocrx_word' id='word_1_233' title='bbox 520 2780 687 2864; x_wconf 83' lang='grc' dir='ltr'><strong><em>πρὸς</em></strong></span> <span class='ocrx_word' id='word_1_234' title='bbox 710 2781 862 2857; x_wconf 80' lang='grc' dir='ltr'><strong><em>τοὺς</em></strong></span> <span class='ocrx_word' id='word_1_235' title='bbox 887 2784 1224 2861; x_wconf 81' lang='grc' dir='ltr'><strong><em>ἐναντιους</em></strong></span> <span class='ocrx_word' id='word_1_236' title='bbox 1249 2789 1382 2852; x_wconf 83' lang='grc' dir='ltr'><strong><em>ἐστὶ</em></strong></span> <span class='ocrx_word' id='word_1_237' title='bbox 1403 2796 1495 2875; x_wconf 75' lang='grc' dir='ltr'><strong><em>τῷ</em></strong></span> <span class='ocrx_word' id='word_1_238' title='bbox 1519 2788 1768 2875; x_wconf 76' lang='grc' dir='ltr'><strong><em>δήμῳ,</em></strong></span> <span class='ocrx_word' id='word_1_239' title='bbox 1739 2816 1808 2854; x_wconf 89' lang='grc' dir='ltr'><strong><em>εν</em></strong></span> <span class='ocrx_word' id='word_1_240' title='bbox 1831 2791 2114 2867; x_wconf 84' lang='grc' dir='ltr'><strong><em>τούτοις·</em></strong></span> <span class='ocrx_word' id='word_1_241' title='bbox 2141 2799 2304 2857; x_wconf 88' lang='grc' dir='ltr'><strong><em>ταῦ-</em></strong></span> 
     </span>
     <span class='ocr_line' id='line_1_28' title="bbox 402 2875 2304 2971; baseline 0.006 -28"><span class='ocrx_word' id='word_1_242' title='bbox 402 2905 483 2943; x_wconf 84' lang='grc' dir='ltr'><strong><em>τα</em></strong></span> <span class='ocrx_word' id='word_1_243' title='bbox 504 2875 633 2960; x_wconf 80' lang='grc' dir='ltr'><strong><em>γὰρ</em></strong></span> <span class='ocrx_word' id='word_1_244' title='bbox 659 2884 977 2960; x_wconf 84' lang='grc' dir='ltr'><strong><em>γενναίου</em></strong></span> <span class='ocrx_word' id='word_1_245' title='bbox 1002 2883 1109 2945; x_wconf 78' lang='grc' dir='ltr'><strong><em>καὶ</em></strong></span> <span class='ocrx_word' id='word_1_246' title='bbox 1133 2880 1403 2964; x_wconf 75' lang='grc' dir='ltr'><strong><em>ἀγαθοῦ</em></strong></span> <span class='ocrx_word' id='word_1_247' title='bbox 1424 2892 1712 2951; x_wconf 86' lang='grc' dir='ltr'><strong><em>πολίτου.</em></strong></span> <span class='ocrx_word' id='word_1_248' title='bbox 1730 2888 2040 2971; x_wconf 59' lang='grc' dir='ltr'><strong><em>,μηδενὸς</em></strong></span> <span class='ocrx_word' id='word_1_249' title='bbox 2065 2892 2135 2955; x_wconf 87' lang='lat'><strong><em>65</em></strong></span> <span class='ocrx_word' id='word_1_250' title='bbox 2159 2887 2304 2955; x_wconf 75' lang='grc' dir='ltr'><strong><em>ἄδι-</em></strong></span> 
     </span>
    </p>

    <p class='ocr_par' dir='ltr' id='par_1_7' title="bbox 274 2977 2544 3562">
     <span class='ocr_line' id='line_1_29' title="bbox 274 2977 2422 3073; baseline 0.007 -34"><span class='ocrx_word' id='word_1_251' title='bbox 274 2994 379 3048; x_wconf 74' lang='grc'><strong><em>279</em></strong></span> <span class='ocrx_word' id='word_1_252' title='bbox 400 2977 691 3062; x_wconf 82' lang='grc' dir='ltr'><strong><em>κη’ματος</em></strong></span> <span class='ocrx_word' id='word_1_253' title='bbox 726 2977 990 3043; x_wconf 76' lang='grc' dir='ltr'><strong><em>πεόποτε</em></strong></span> <span class='ocrx_word' id='word_1_254' title='bbox 1026 2982 1374 3066; x_wconf 79' lang='grc' dir='ltr'><strong><em>δημοσίου,</em></strong></span> <span class='ocrx_word' id='word_1_255' title='bbox 1420 2985 1784 3069; x_wconf 83' lang='grc' dir='ltr'><strong><em>προσθήσω</em></strong></span> <span class='ocrx_word' id='word_1_256' title='bbox 1822 2986 1892 3051; x_wconf 87' lang='lat'><strong><em>65</em></strong></span> <span class='ocrx_word' id='word_1_257' title='bbox 1926 2986 2082 3070; x_wconf 81' lang='grc' dir='ltr'><strong><em>μηδ’</em></strong></span> <span class='ocrx_word' id='word_1_258' title='bbox 2108 2991 2298 3073; x_wconf 80' lang='grc' dir='ltr'><strong><em>ἰδίου,</em></strong></span> <span class='ocrx_word' id='word_1_259' title='bbox 2318 3007 2422 3063; x_wconf 79' lang='lat'><strong><em>319</em></strong></span> 
     </span>
     <span class='ocr_line' id='line_1_30' title="bbox 399 3074 2401 3168; baseline 0.007 -29"><span class='ocrx_word' id='word_1_260' title='bbox 399 3080 590 3158; x_wconf 87' lang='grc' dir='ltr'><strong><em>δίκην</em></strong></span> <span class='ocrx_word' id='word_1_261' title='bbox 627 3074 995 3153; x_wconf 69' lang='grc' dir='ltr'><strong><em>ἀξιώσαντα</em></strong></span> <span class='ocrx_word' id='word_1_262' title='bbox 1028 3086 1259 3164; x_wconf 82' lang='grc' dir='ltr'><strong><em>λαβεῖν</em></strong></span> <span class='ocrx_word' id='word_1_263' title='bbox 1293 3078 1441 3166; x_wconf 76' lang='grc' dir='ltr'><strong><em>παρ’</em></strong></span> <span class='ocrx_word' id='word_1_264' title='bbox 1468 3085 1631 3166; x_wconf 84' lang='grc' dir='ltr'><strong><em>ἐμοῦ</em></strong></span> <span class='ocrx_word' id='word_1_265' title='bbox 1665 3081 1820 3167; x_wconf 77' lang='grc' dir='ltr'><strong><em>μήθ’</em></strong></span> <span class='ocrx_word' id='word_1_266' title='bbox 1845 3082 2012 3168; x_wconf 78' lang='grc' dir='ltr'><strong><em>ὑπὲρ</em></strong></span> <span class='ocrx_word' id='word_1_267' title='bbox 2038 3092 2151 3168; x_wconf 84' lang='grc' dir='ltr'><strong><em>τῆς</em></strong></span> <span class='ocrx_word' id='word_1_268' title='bbox 2174 3085 2300 3152; x_wconf 81' lang='grc' dir='ltr'><strong><em>πό-</em></strong></span> <span class='ocrx_word' id='word_1_269' title='bbox 2391 3112 2401 3117; x_wconf 72' lang='grc'>”</span> 
     </span>
     <span class='ocr_line' id='line_1_31' title="bbox 393 3172 2544 3278; baseline 0.006 -39"><span class='ocrx_word' id='word_1_270' title='bbox 393 3182 558 3250; x_wconf 84' lang='grc' dir='ltr'><strong><em>λεως</em></strong></span> <span class='ocrx_word' id='word_1_271' title='bbox 580 3172 742 3258; x_wconf 79' lang='grc' dir='ltr'><strong><em>μήθ’</em></strong></span> <span class='ocrx_word' id='word_1_272' title='bbox 762 3172 928 3260; x_wconf 79' lang='grc' dir='ltr'><strong><em>ὑπὲρ</em></strong></span> <span class='ocrx_word' id='word_1_273' title='bbox 955 3173 1184 3260; x_wconf 79' lang='grc' dir='ltr'><strong><em>αὑτοῦ,</em></strong></span> <span class='ocrx_word' id='word_1_274' title='bbox 1226 3177 1561 3264; x_wconf 74' lang='grc' dir='ltr'><strong><em>στεφάνου</em></strong></span> <span class='ocrx_word' id='word_1_275' title='bbox 1584 3184 1692 3246; x_wconf 82' lang='grc' dir='ltr'><strong><em>καὶ</em></strong></span> <span class='ocrx_word' id='word_1_276' title='bbox 1714 3183 1989 3247; x_wconf 80' lang='grc' dir='ltr'><strong><em>ἐπαίνου</em></strong></span> <span class='ocrx_word' id='word_1_277' title='bbox 2011 3208 2299 3266; x_wconf 80' lang='grc' dir='ltr'><strong><em>κατηγο-</em></strong></span> <span class='ocrx_word' id='word_1_278' title='bbox 2540 3274 2544 3278; x_wconf 87' lang='lat'><em>.</em></span> 
     </span>
     <span class='ocr_line' id='line_1_32' title="bbox 389 3270 2543 3381; baseline 0.006 -45"><span class='ocrx_word' id='word_1_279' title='bbox 389 3280 541 3356; x_wconf 88' lang='grc' dir='ltr'><strong><em>ριάν</em></strong></span> <span class='ocrx_word' id='word_1_280' title='bbox 573 3270 765 3355; x_wconf 83' lang='grc' dir='ltr'><strong><em>ἥκειν</em></strong></span> <span class='ocrx_word' id='word_1_281' title='bbox 800 3280 1448 3361; x_wconf 85' lang='grc' dir='ltr'><strong><em>συνεσκευασμένον,</em></strong></span> <span class='ocrx_word' id='word_1_282' title='bbox 1494 3282 1604 3345; x_wconf 80' lang='grc' dir='ltr'><strong><em>καὶ</em></strong></span> <span class='ocrx_word' id='word_1_283' title='bbox 1635 3284 2025 3347; x_wconf 78' lang='grc' dir='ltr'><strong><em>τοσουτουσὶ</em></strong></span> <span class='ocrx_word' id='word_1_284' title='bbox 2059 3280 2299 3364; x_wconf 82' lang='grc' dir='ltr'><strong><em>λόγους</em></strong></span> <span class='ocrx_word' id='word_1_285' title='bbox 2463 3377 2464 3381; x_wconf 8' lang='lat'>¹</span> <span class='ocrx_word' id='word_1_286' title='bbox 2536 3291 2543 3342; x_wconf 69' lang='grc' dir='ltr'>ἐ</span> 
     </span>
     <span class='ocr_line' id='line_1_33' title="bbox 387 3368 2292 3464; baseline 0.006 -29"><span class='ocrx_word' id='word_1_287' title='bbox 387 3368 805 3456; x_wconf 65' lang='grc' dir='ltr'><strong><em>ἀνηλωκέναι</em></strong></span> <span class='ocrx_word' id='word_1_288' title='bbox 828 3377 995 3449; x_wconf 82' lang='grc' dir='ltr'><strong><em>ἰδίας</em></strong></span> <span class='ocrx_word' id='word_1_289' title='bbox 1017 3378 1261 3459; x_wconf 83' lang='grc' dir='ltr'><strong><em>ἔχθρας</em></strong></span> <span class='ocrx_word' id='word_1_290' title='bbox 1282 3377 1389 3442; x_wconf 83' lang='grc' dir='ltr'><strong><em>καὶ</em></strong></span> <span class='ocrx_word' id='word_1_291' title='bbox 1431 3378 1703 3460; x_wconf 82' lang='grc' dir='ltr'><strong><em>φθόνου</em></strong></span> <span class='ocrx_word' id='word_1_292' title='bbox 1726 3381 1836 3444; x_wconf 80' lang='grc' dir='ltr'><strong><em>καὶ</em></strong></span> <span class='ocrx_word' id='word_1_293' title='bbox 1858 3388 2292 3464; x_wconf 82' lang='grc' dir='ltr'><strong><em>μικροψυχίας</em></strong></span> 
     </span>
     <span class='ocr_line' id='line_1_34' title="bbox 381 3470 2286 3562; baseline 0.004 -26"><span class='ocrx_word' id='word_1_294' title='bbox 381 3473 517 3536; x_wconf 74' lang='grc' dir='ltr'><strong><em>ἐστὶ</em></strong></span> <span class='ocrx_word' id='word_1_295' title='bbox 542 3482 835 3554; x_wconf 87' lang='grc' dir='ltr'><strong><em>σημεῖον,</em></strong></span> <span class='ocrx_word' id='word_1_296' title='bbox 863 3470 1139 3551; x_wconf 81' lang='grc' dir='ltr'><strong><em>οὐδενὸς</em></strong></span> <span class='ocrx_word' id='word_1_297' title='bbox 1158 3484 1463 3560; x_wconf 80' lang='grc' dir='ltr'><strong><em>χρηστοῦ.</em></strong></span> <span class='ocrx_word' id='word_1_298' title='bbox 1518 3475 1590 3544; x_wconf 83' lang='grc' dir='ltr'><strong><em>τὸ</em></strong></span> <span class='ocrx_word' id='word_1_299' title='bbox 1620 3476 1690 3544; x_wconf 86' lang='lat'><strong><em>65</em></strong></span> <span class='ocrx_word' id='word_1_300' title='bbox 1715 3477 1793 3562; x_wconf 78' lang='grc' dir='ltr'><strong><em>δὴ</em></strong></span> <span class='ocrx_word' id='word_1_301' title='bbox 1819 3477 2100 3556; x_wconf 72' lang='grc' dir='ltr'><strong><em>καὶτοὺς</em></strong></span> <span class='ocrx_word' id='word_1_302' title='bbox 2122 3477 2286 3562; x_wconf 82' lang='grc' dir='ltr'><strong><em>πρὸς</em></strong></span> 
     </span>
    </p>
   </div>
  </div>
 </body>
</html>
