2622 4065
640 284 645 289 '
703 265 982 358 ΠΕΡΙ
1017 291 1216 351 Tor
1278 260 1879 346 ΣΤΕΦΑΝΟΥ.
2123 278 2246 338 199

338 465 458 549 μὲν
481 468 737 543 πρῶτος
759 453 967 523 είπων
985 454 1094 519 καὶ
1119 444 1502 535 μνησθεὶς(
1463 444 1630 525 υπὲρ
1653 452 1767 528 τῆς
1792 440 2055 528 εἰρήνης
2068 439 2248 523 Ἀρι-

340 562 667 644 στόδημος
691 563 777 643 ἦν
799 555 834 621 ὁ
863 547 1240 633 ὑποκριτὴς,
1266 545 1300 613 ὅ
1327 542 1380 611 δ,
1407 542 1832 669 ἐκδεξάμενος
1857 543 1965 607 καὶ
1984 538 2246 623 γράψας

339 662 445 727 καὶ
470 658 708 724 ἑαυτὸν
732 652 891 740 μετὰ
916 650 1159 717 τούτου
1183 645 1528 731 μισθώσας
1551 645 1656 708 ἐπὶ
1674 650 1885 707 ταῦτα
1909 635 2248 719 Φιλοκρά-

341 784 454 841 της
490 755 522 822 ὁ
551 753 966 838 Ἁγνούσιος,
1017 746 1050 813 ὁ
1091 743 1206 820 σὸς
1223 794 1240 825 ,
1285 747 1559 823 Αἰσχίνη
1578 789 1595 821 ,
1641 733 1999 817 κοινωνὸς,
2049 731 2171 816 οὐχ
2209 730 2242 796 ἆ

343 854 528 940 ἐμὸς,
575 849 718 919 οὐδ’
748 846 831 915 α“ν
857 846 939 913 σὺ
967 850 1328 928 διαρραγῇς
1351 838 1790 920 ψευδόμενος,
1841 863 1899 900 οι
1887 835 1997 899 δὲ
2024 853 2249 898 συνει-

340 954 574 1027 πόντες
598 950 755 1015 ὅτου
782 945 1070 1031 δήποτε
1045 945 1236 1006 ένεκα
1274 942 1388 1017 (5³55
1410 936 1536 1020 γὰρ
1561 932 1754 1000 τοῦτο’
1776 933 1839 1016 γ’
1867 937 1936 998 έν
1960 958 2048 997 τω
2077 955 2250 1016 παρ-

342 1052 514 1132 όντι)
548 1048 888 1131 Εὔβουλος
912 1045 1019 1107 καὶ
1044 1043 1496 1123 Κηφισοφῶν·
1545 1033 1672 1151 ε’γω
1717 1030 1777 1096 δ’
1821 1030 2019 1097 οὐδὲν
2044 1028 2251 1096 οὐδα-

259 1168 325 1216 22
344 1156 492 1233 μοῦ.
563 1143 710 1209 ἀλλ’
737 1142 944 1225 ὅμως,
988 1139 1245 1203 τούτων
1274 1132 1600 1199 τοιούτων
1624 1131 1841 1195 ὄντων
1862 1132 1970 1194 καὶ
1995 1126 2099 1194 ἐπ’
2111 1125 2253 1226 nav}-

347 1256 460 1331 τῆς
495 1254 609 1328 τῆς
644 1241 958 1357 ἀληθείας
981 1236 1155 1302 οὕτω
1190 1237 1673 1314 δεικνυμένων,
1721 1234 1811 1304 είς
1853 1222 2051 1291 τοῦθ’
2091 1218 2253 1308 ἧκεν

342 1342 677 1416 ἅναιδειας
715 1335 869 1403 ω’στ
897 1334 1132 1417 ἐτόλμα
1172 1336 1387 1412 λέγειν
1424 1355 1509 1403 ως
1535 1326 1660 1407 α’ρα
1685 1323 1809 1408 ἐγω
1836 1324 2000 1407 πρὸς
2023 1330 2117 1409 τῷ
2138 1330 2254 1406 τῆς

344 1439 604 1522 ειρήνης
627 1447 828 1509 αἴτιος
850 1439 1251 1516 γεγενῆσθαι
1272 1429 1380 1491 καὶ
1405 1421 1795 1498 κεκωλυκως
1814 1432 1956 1536 εἴην
1979 1418 2102 1505 τὴν
2126 1421 2254 1485 πό-

330 1547 448 1604 ·λιν
470 1534 630 1620 μετὰ
657 1538 888 1598 κοινοῦ
914 1531 1270 1608 συνεδρίου
1303 1551 1438 1588 των
1457 1521 1788 1605 Ελλήνων
1823 1514 2032 1602 αὐτὴν
2054 1517 2249 1601 ποιή-

345 1644 610 1700 σασθαι.
678 1628 789 1695 ειτ’
832 1632 1033 1693 ω-τί
1059 1621 1145 1689 α“ν
1172 1624 1375 1689 εἰπών
1401 1623 1477 1686 σέ
1497 1647 1593 1696 τις
1618 1617 1843 1698 ὀρθως
1867 1623 2248 1700 προσείποι;

345 1744 522 1798 ἔστιν
559 1730 729 1796 ὅπου
771 1726 854 1791 σύ
897 1751 1128 1805 παρων
1164 1721 1564 1806 τηλικαύτην
1596 1724 1833 1800 πρᾶξιν
1855 1720 1964 1781 καὶ
1988 1737 2252 1798 συμμα-

342 1859 526 1916 χιαν,
570 1827 807 1912 ἡλίκην
843 1826 994 1890 νυνὶ
1041 1822 1347 1904 διεξῄεις,
1396 1815 1578 1899 ὅρων
1623 1812 2127 1898 ἀφαιρούμενόν
2171 1837 2250 1894 με

67 1995 69 1997 ,
93 2018 95 2020 ¹
139 2014 142 2018 ἡ
219 1987 222 1991 .
345 1938 458 2013 τῆς
495 1928 746 2000 πόλεως
782 1922 1241 2006 ἠγανάκτησας
1260 1970 1274 1995 ,
1320 1914 1362 2002 ἦ
1402 1912 1763 1999 παρελθων
1795 1921 2002 1977 ταῦτα
2035 1908 2077 1976 ἃ
2123 1917 2253 1975 νῦν

138 2020 142 2044 ³
222 2095 224 2097 ,
254 2041 324 2092 23
344 2039 723 2108 κατηγορεῖς
762 2025 1054 2097 ἐδίδαξας
1088 2020 1199 2083 καὶ
1237 2021 1607 2099 διεξῆλθες;
1652 2014 1763 2078 καὶ
1785 2009 1918 2096 μὴν
1943 2016 2000 2076 εἰ
2021 2007 2092 2075 τὸ
2118 2032 2256 2075 κω·-

139 2140 143 2148 ’
343 2133 538 2189 λῦσαι
580 2120 702 2205 τὴν
745 2147 877 2184 των
915 2117 1247 2199 Ελλήνων
1289 2121 1648 2189 κοινωνίαν
1693 2108 2087 2192 ἐπεπρακειν
2124 2099 2252 2190 έγω

346 2229 681 2306 Φιλίππω,
720 2221 822 2282 σοὶ
844 2215 916 2281 τὸ
944 2215 1030 2299 μὴ
1061 2223 1324 2297 σιγῆσαι
1348 2211 1581 2277 λοιπὸν
1602 2214 1721 2294 ἡν,
1759 2205 1924 2274 αλλα
1951 2214 2121 2291 βοαν
2145 2207 2259 2270 καὶ

348 2317 914 2402 διαμαρτύρεσθαι
938 2315 1045 2378 καὶ
1072 2319 1321 2395 δηλοῦν
1346 2306 1794 2375 τουτοισί.οὐ
1819 2313 2053 2371 τοίνυν
2077 2309 2260 2397 ἐποί-

347 2440 510 2504 ησας
534 2415 832 2496 ουδαμοῦ
860 2421 1078 2490 τοῦτο,
1105 2408 1254 2475 οὐδ’
1278 2409 1529 2493 ἤκουσέ
1552 2425 1676 2471 σου
1697 2403 1945 2488 ταύτην
1967 2401 2090 2487 τὴν
2115 2429 2259 2486 φω-
2279 2414 2384 2466 233

347 2517 476 2599 νὴν
512 2511 761 2591 οὐδεὶς,
810 2510 1105 2585 εἰκότως·
1151 2507 1304 2574 οὔτε
1339 2532 1468 2590 γαρ
1504 2510 1592 2588 ῆν
1617 2509 1930 2588 πρεσβεία
1951 2502 2117 2584 πρὸς
2141 2500 2261 2568 οὐ-

351 2618 543 2686 δένας
586 2608 1036 2689 απεσταλμένη
1084 2605 1231 2669 τότε
1277 2631 1413 2669 των
1442 2601 1809 2685 Ελλήνων,
1855 2598 2021 2665 αλλα
2059 2600 2263 2665 παλαι
2345 2642 2353 2645 »

352 2735 592 2784 παντες
635 2710 805 2789 ἡσαν
849 2705 1367 2787 ἐξεληλεγμένοι,
1435 2695 1594 2765 ούθ’
1652 2701 1847 2774 οὗτος
1888 2696 2070 2779 υγιὲς
2113 2700 2263 2779 περὶ

266 2821 338 2872 24
353 2811 610 2877 τούτων
636 2816 898 2888 εἴρηκεν
923 2800 1136 2867 ουδέν
1192 2802 1388 2884 χωρὶς
1413 2800 1482 2865 δὲ
1506 2798 1766 2886 τούτων
1789 2797 1893 2860 καὶ
1925 2794 2266 2879 διαβαλλει

354 2908 475 2994 τὴν
498 2908 689 2972 πόλιν
714 2931 791 2969 τα
817 2906 1086 2987 μέγιστα
1110 2904 1182 2966 έν
1207 2896 1303 2976 οἷς
1327 2881 1668 2975 ψεύδεται·
1697 2901 1755 2959 εἰ
1774 2919 1901 2975 γαρ
1923 2890 2111 2976 ὑμεις
2133 2890 2269 2977 ἅμα

355 3033 512 3082 τους
537 3031 656 3087 μεν
665 3004 983 3084 Ἐλληνας
1018 3006 1106 3075 εἰς
1143 2999 1436 3081 πόλεμον
1470 3001 1927 3075 παρεκαλειτε,
1975 2990 2165 3057 αύτοὶ
2202 2991 2272 3057 δὲ

356 3101 521 3184 πρὸς
546 3109 876 3165 Φίλιππον
908 3100 1058 3179 περὶ
1096 3099 1360 3180 εἰρήνης
1396 3097 1698 3177 πρέσβεις
1733 3094 2081 3175 επέμπετε,
2130 3089 2274 3156 Εὐ-

359 3199 654 3287 ρυβάτου
678 3221 982 3277 πραγμα,
1025 3193 1106 3260 οὐ
1149 3196 1402 3269 πόλεως
1426 3199 1621 3312 ἔργον
1647 3189 1803 3256 οὐδε
1824 3209 2126 3273 χρηστων
2153 3215 2274 3252 αν·-

357 3300 659 3381 θρωπων
684 3294 1172 3374 διεπραττεσθε.
1224 3289 1368 3356 αλλ’
1398 3317 1523 3356 ουκ
1549 3297 1683 3355 ἔστι
1705 3297 1934 3368 ταῦτα,
1961 3313 2083 3353 ουκ
2109 3291 2271 3349 ἔστι·

357 3407 426 3466 τί
440 3397 566 3482 γὰρ
591 3398 699 3462 καὶ
723 3394 1118 3479 βουλόμενοι
1143 3388 1616 3475 μετεπέμπεσθ’
1644 3415 1729 3453 αν
1755 3384 1996 3460 αὐτους
2019 3386 2091 3448 έν
2113 3381 2277 3447 τού-
2315 3375 2317 3377 μ

358 3523 450 3564 τω
473 3505 566 3584 τςό
590 3521 830 3581 καιρω;
878 3494 976 3557 ἐπὶ
998 3488 1122 3575 τὴν
1147 3491 1456 3575 εἰρήνην·
1441 3539 1459 3568 ,
1511 3485 1657 3552 αλλ’
1686 3483 1979 3567 υπῆρχεν
2004 3478 2271 3545 απασιν.
