2622 4065
407 319 534 380 282
812 322 1004 376 XVIII.
1079 310 1912 374 ΔΗΖἉΟΣΘΕΝΟΤΣ

401 508 562 564 των,
614 475 1006 545 διτάλαντον
1050 472 1109 539 δ’
1163 472 1323 555 εἶχες
1373 476 1612 552 ἔρανον
1658 470 1918 555 δωρεὰν
1963 469 2140 553 παρὰ
2185 478 2319 536 τῶν

225 674 230 676 4
403 577 758 663 ἡγεμόνων
793 583 927 639 τῶν
963 578 1351 656 συμμοριῶν
1385 569 1482 651 ἐφ’
1524 565 1619 645 οἷς
1652 568 1956 652 ἐλυμήνω
1993 568 2113 635 τὸν
2136 595 2324 653 τριη-

281 704 387 757 313
408 671 723 763 ραρχικόν
765 672 992 755 νόμον.
1056 666 1189 735 ἀλλ’
1240 673 1350 733 ἵνα
1395 668 1480 751 μὴ
1528 668 1734 750 λόγον
1761 671 1832 733 ἐκ
1867 667 2075 750 λόγου
2110 669 2323 748 λέγων

405 782 530 841 τοῦ
574 771 901 854 παρόντος
944 765 1231 852 ἐμαυτὸν
1253 766 1630 849 ἐκκρούσω,
1671 771 2053 885 παραλείψω
2096 772 2318 829 ταῦτα.

407 870 541 938 αλλ’
585 870 687 938 ὅτι
719 867 771 951 γ’
820 866 966 950 οὐχὶ
1005 866 1080 931 δι’
1120 869 1380 930 ἔνδειαν
1407 862 1532 929 ούκ
1571 866 1933 944 ἐπέδωκας,
1971 867 2041 927 ἐκ
2064 862 2323 926 τούτων

409 976 650 1055 δῆλον,
710 963 876 1031 αλλα
925 964 1279 1048 φυλαττων
1317 962 1389 1029 τὸ
1428 963 1633 1044 μηδὲν
1668 965 1969 1025 ἐναντίον
2007 961 2322 1041 γενέσθαι

319 1089 322 1091 ·
409 1092 591 1151 παρα
620 1073 754 1130 σοῦ
791 1062 1051 1138 τούτοις
1076 1057 1170 1137 οἷς
1207 1060 1467 1125 ἅπαντα
1493 1060 1836 1125 πολιτεύει.
1907 1061 1978 1121 ἐν
2001 1063 2170 1127 τίσιν
2195 1058 2323 1120 οὐν

410 1164 497 1231 σύ
524 1171 788 1237 νεανίας
810 1163 918 1226 καὶ
942 1168 1184 1242 πηνίκα
1208 1158 1537 1241 λαμπρός;
1589 1155 1756 1242 ἡνίκ’
1785 1183 1869 1219 αν
1891 1180 2053 1219 κατα
2073 1179 2324 1217 τουτω-

405 1267 470 1329 νὶ
498 1267 631 1347 δέῃ,
657 1266 730 1326 ἐν
749 1260 1007 1334 τούτοις
1028 1256 1697 1340 λαμπροφωνότατος,
1716 1250 2314 1336 μνημονικώτατος,

404 1358 769 1444 ὑποκριτὴς
791 1357 1074 1439 ἄριστος,
1098 1353 1404 1436 τραγικὸς
1429 1360 1805 1436 Θεοκρίνης.

285 1479 391 1545 314
579 1457 742 1523 Εἶτα
764 1482 899 1519 των
922 1454 1247 1536 πρότερον
1270 1455 1728 1535 γεγενημένων
1751 1448 2029 1531 αγαθων
2054 1447 2322 1527 ανδρῶν

415 1562 760 1643 μέμνησαι.
826 1557 934 1618 καὶ
956 1561 1170 1629 καλως
1203 1565 1425 1627 ποιεις.
1489 1548 1570 1644 ού
1597 1551 1819 1632 μέντοι
1843 1546 2100 1611 δίκαιόν
2124 1549 2320 1626 ἐστιν,

404 1684 470 1721 ω
497 1655 738 1737 ἄνδρες
749 1651 1111 1733 Ἀθηναῖοι,
1137 1647 1261 1731 τὴν
1283 1648 1450 1728 πρὸς
1471 1645 1630 1722 τοὺς
1650 1645 2187 1728 τετελευτηκότας
2211 1639 2325 1705 εὔ·-

414 1780 612 1821 νοιαν
635 1751 1071 1833 υπαρχουσαν
1111 1746 1538 1830 προλαβόντα
1564 1743 1711 1827 παρ’
1737 1743 1933 1827 ὑμῶν
1971 1740 2136 1823 πρὸς
2160 1743 2327 1805 ἐκεί-
2347 1743 2451 1796 330
2482 1818 2484 1820 K

416 1878 580 1927 νους
623 1849 938 1927 ἐξεταζειν
982 1850 1092 1911 καὶ
1132 1845 1587 1932 παραβάλλειν
1623 1842 1735 1926 ἐμε
1770 1841 1893 1906 τὸν
1944 1847 2076 1905 νῦν
2120 1843 2329 1915 ζωντα

291 1971 398 2025 315
417 1947 564 2036 μεθ’
593 1947 804 2032 υμῶν.
869 1953 966 2022 τίς
998 1971 1125 2027 γαρ
1166 1943 1290 2009 οὐκ
1319 1943 1454 2008 οιδε
1481 1949 1617 2005 τῶν
1640 1965 1907 2005 παντων
1930 1937 2030 2003 ὅτι
2051 1951 2183 2012 τοῖς
2209 1960 2330 2018 μεν

417 2058 573 2129 ζωσι
617 2069 819 2114 πασιν
862 2044 1104 2110 ὕπεστί
1138 2071 1234 2120 τις
1276 2040 1321 2126 ἦ
1364 2048 1607 2107 πλείων
1648 2066 1689 2124 η
1726 2038 2012 2104 ἐλάττων
2046 2034 2327 2119 φθόνος,

413 2177 573 2227 τους
605 2154 980 2222 τεθνεωτας
1019 2143 1090 2209 δε
1126 2141 1284 2208 ούδε
1306 2169 1444 2207 των
1481 2145 1744 2225 ἐχθρῶν
1768 2135 2031 2211 ούδεις’
2007 2139 2098 2199 ε’τι
2116 2146 2327 2249 μισει;

416 2274 631 2342 ουτως
669 2274 794 2312 ουν
829 2245 1117 2329 ἐχόντων
1148 2242 1412 2307 τούτων
1437 2248 1516 2323 τῇ
1550 2238 1783 2320 φύσει,
1829 2230 1994 2314 πρὸς
2016 2256 2173 2304 τους
2196 2228 2332 2306 πρὸ·

416 2352 710 2430 ἐμαυτοῦ
734 2352 864 2409 νῦν
900 2348 1026 2423 εγω
1049 2348 1375 2457 κρίνωμαι
1397 2340 1508 2400 καὶ
1529 2340 1920 2414 θεωρῶμαις
1978 2332 2326 2448 μηδαμως·

417 2443 570 2509 ούτε
594 2469 723 2526 γαρ
749 2446 1008 2506 δίκαιον
1031 2436 1151 2504 ούτ
1162 2435 1375 2515 ’l'6ov‚
1401 2438 1677 2514 Αἰσχίνη
1696 2479 1713 2512 ,
1742 2424 1903 2491 ἄλλα
1932 2423 2096 2505 πρὸς
2121 2423 2193 2488 σε
2215 2425 2326 2487 και

416 2542 626 2607 ἄλλον
650 2550 713 2606 εἴ
729 2564 877 2603 τινα
901 2537 1133 2622 βούλει
1156 2561 1290 2598 των
1327 2529 1534 2597 ταύτα
1574 2549 1677 2593 σοι
1712 2526 2193 2610 προῃρημένων
2214 2522 2325 2586 καὶ

288 2662 396 2714 316
415 2639 699 2719 ζωντων.
768 2650 1034 2704 κακεινο
1075 2634 1325 2700 σκόπει.
1395 2630 1678 2710 πότερον
1702 2626 1974 2691 καλλιον
2008 2620 2164 2687 καὶ’
2137 2646 2325 2703 αμει-

415 2764 543 2807 νον
564 2745 647 2826 τῇ
672 2736 860 2804 πόλει
885 2733 998 2801 δια
1016 2760 1131 2809 τας
1156 2759 1292 2797 των
1318 2728 1646 2811 πρότερον
1670 2724 2080 2806 εὐεργεσίας,
2122 2719 2326 2793 ούσας

419 2837 902 2920 ὑπερμεγέθεις
918 2884 936 2915 ,
964 2832 1045 2897 οὐ
1069 2858 1189 2914 μεν
1212 2822 1339 2894 οὖν
1365 2837 1538 2891 εἴποι
1559 2851 1655 2900 τις
1679 2850 1764 2887 αν
1784 2819 2039 2904 ηλίκας,
2083 2843 2199 2892 τας
2227 2815 2330 2880 ἐπὶ

417 2933 542 3001 τὸν
577 2933 879 3017 παρόντα
902 2938 1052 3014 βίον
1075 2929 1471 3046 γιγνομένας
1509 2929 1597 2999 εἰς
1622 2919 2003 3005 αχαριστίαν
2027 2919 2135 2981 καὶ
2162 2939 2330 2997 προ-

417 3029 841 3119 πηλακισμὸν
866 3029 1073 3111 ἄγειν,
1106 3023 1150 3145 η’
1174 3045 1395 3105 πασιν,
1423 3022 1569 3088 ὅσοι
1589 3048 1650 3085 τι
1675 3014 1804 3102 μετ’
1837 3014 2096 3089 εὐνοίας
2120 3036 2331 3096 πρατ-

384 3200 387 3203 ,
419 3152 644 3213 τουσι
683 3157 798 3214 της
820 3152 999 3209 παρα
1020 3127 1278 3193 τούτων
1300 3132 1489 3207 τιμῆς
1513 3148 1623 3186 και
1647 3120 2186 3201 φιλανθρωπίας
2177 3135 2327 3176 μετ-

292 3257 399 3310 317
421 3246 627 3308 εἴναι;
668 3232 776 3292 και
810 3254 944 3310 μην
973 3232 1031 3290 εί
1068 3226 1178 3290 και
1224 3230 1386 3289 τοῦτ
1391 3218 1565 3299 ’ἄρα
1605 3223 1709 3282 δεῖ
1741 3242 1819 3299 με
1859 3220 2083 3294 εἰπεῖν,
2122 3208 2163 3294 ἡ
2209 3234 2331 3292 μεν

419 3329 542 3417 ἐμὴ
568 3332 863 3393 πολιτεία
886 3326 995 3390 καὶ
1021 3329 1419 3445 προαίρεσις,
1445 3318 1531 3383 ἄν
1554 3343 1648 3392 τις
1680 3313 1900 3396 ὀρθως
1925 3316 2161 3391 σκοπῇ,
2190 3317 2332 3381 ταῖς

420 3455 559 3494 των
581 3423 708 3494 τότ’
739 3424 1243 3506 ἐπαινουμένων
1279 3418 1547 3497 ανδρῶν
1577 3413 1769 3497 ομοία
1792 3411 1902 3474 καὶ
1935 3402 2146 3470 ταύτὰ
2163 3410 2331 3487 βου-

418 3530 666 3653 λομένη
703 3524 1099 3608 φανήσεται,
1146 3547 1183 3602 η
1215 3520 1285 3583 δὲ
1333 3514 1411 3599 σὴ
1450 3530 1589 3616 ταῖς
1621 3537 1756 3577 των
1790 3532 1946 3581 τους
1988 3500 2331 3579 τοιούτους
