2622 4065
400 336 525 398 344
846 343 984 396 xlx.
1035 312 1880 404 ΛΗΜοΣοΕΝοΤΣ

398 502 695 583 ἐχθροῖν,
734 525 870 564 των
893 496 1243 582 ἀλιτηρίων
1259 495 1630 565 Ὀλυνθίων
1654 505 2066 586 αἰχμάλωτον
2088 502 2301 575 οὖσαν

395 604 694 681 τρυφᾶν·
741 593 890 662 καὶ“
894 593 1111 660 ’καλει
1123 592 1391 660 παῖδα”
1342 647 1360 678 ,
1441 596 1582 688 καὶ
1583 595 1845 683 ’ίμοὲντα
1874 630 1968 680 τις
1993 604 2300 689 φερέτω.”

395 696 559 776 ἡκεν
583 697 881 778 οἰκέτης’
856 698 1023 776 έχων
1045 695 1297 779 ῥυτῆρα
1313 744 1329 775 ,
1368 699 1476 759 καὶ
1501 696 1931 782 πεπωκότων,
1970 700 2167 786 οἶμαι,
2194 705 2302 770 καὶ
2324 720 2424 772 403

395 817 651 874 μικρων
675 792 890 857 ὄντων
912 798 1047 856 τῶν
1073 793 1607 877 παροξυνόντων,
1638 797 1947 880 εἰπούσης
1968 826 2028 863 τι
2051 827 2158 865 και
2184 805 2303 865 δα-

393 888 731 972 κρυσάσης
755 890 1004 972 ἐκείνης
1029 888 1420 973 περιρρήξας
1443 889 1560 956 τὸν
1582 900 1968 975 χιτωνίσκον
1993 894 2026 960 6
2052 900 2300 983 οἰκέτης

274 977 378 1049 198
399 988 598 1062 ξαίνει
624 1011 789 1049 κατα
812 993 935 1050 τοῦ
957 984 1178 1050 νώτου
1201 987 1464 1064 πολλας.
1512 993 1630 1067 ἔξω
1658 988 1718 1055 δ’
1746 989 1950 1076 αὐτῆς
1974 998 2140 1060 οὐσα
2164 992 2295 1061 ὑπὸ

392 1090 515 1148 τοῦ
551 1089 764 1148 κακοῦ
799 1084 907 1147 καὶ
941 1090 1061 1147 τοῦ
1098 1084 1479 1168 πράγματος
1522 1083 1562 1169 ἡ
1605 1086 1773 1171 γυνὴ
1821 1087 2298 1175 ἀναπηδήσασα

394 1186 789 1263 προσπίπτει
814 1177 978 1262 πρὸς
1000 1178 1078 1244 τὰ
1101 1181 1352 1263 γόνατα
1373 1191 1465 1269 τῷ
1479 1179 1843 1267 Ἰατροκλεῖ,
1869 1188 1975 1252 καὶ
1996 1186 2118 1271 τὴν
2141 1190 2302 1273 τρά-

393 1283 596 1356 πεζαν
619 1274 989 1360 ἀνατρέπει.
1056 1280 1165 1343 καὶ
1191 1277 1354 1366 εἰμὴ
1399 1282 1629 1357 ’κεῖνος
1651 1278 1987 1366 ἀφείλετο,
2014 1283 2297 1351 ἀπώλετ’

395 1401 481 1439 αν
517 1380 1040 1460 παροινουμένη·
1090 1379 1198 1471 καὶ
1232 1377 1359 1460 γάρ
1393 1376 1432 1461 ἡ
1472 1386 1780 1462 παροινια
1803 1390 1925 1446 τοῦ
1946 1382 2299 1467 καθάρμα-

392 1497 505 1547 τος
528 1476 797 1536 τουτουὶ
824 1472 1030 1556 δεινή.
1089 1466 1196 1537 καὶ
1239 1478 1385 1558 περὶ
1408 1476 1647 1560 ταύτης
1668 1487 1779 1562 τῆς
1803 1477 2169 1565 ἀνθρώπου
2191 1484 2298 1546 καὶ

392 1594 467 1632 εν
480 1567 790 1654 Ἀρκαδια
814 1568 1006 1651 λόγος
1026 1561 1113 1652 ἦν
1137 1572 1210 1635 ἐν
1233 1583 1365 1646 τοῖς
1388 1579 1676 1657 μυρίοις,
1701 1576 1806 1638 καὶ
1829 1574 2261 1657 Διόφαντος’
2230 1603 2301 1642 εν
2393 1594 2396 1598 ⁴

392 1662 553 1748 ὑμῖν
589 1664 1001 1750 ἀπήγγελλεν
1035 1693 1077 1729 α
1111 1673 1241 1731 νῦν
1275 1683 1637 1752 μαρτυρεῖν
1674 1668 1880 1736 αὐτὸν
1919 1670 2294 1760 ἀναγκασω,

386 1764 498 1828 καὶ
523 1789 689 1827 κατα
722 1771 1080 1828 Θετταλίαν
1105 1762 1311 1841 πολυς
1335 1766 1532 1849 λόγος
1558 1770 1666 1834 καὶ
1693 1779 2044 1854 πανταχοῦ.

186 1900 189 1902 ·
265 1876 370 1928 199
560 1861 691 1924 Καὶ
729 1869 1002 1925 τοιαῦτα
1039 1860 1359 1938 συνειδως
1395 1861 1572 1950 αὐτῷ
1607 1869 2031 1950 πεπραγμένα
2070 1864 2103 1933 6
2130 1865 2297 1934 ἀπα-

388 1966 639 2040 θαρτος
664 1948 857 2034 οὗτος
881 1960 1189 2044 τολμήσει
1212 1962 1480 2044 βλέπειν
1506 1966 1594 2039 εἰς
1630 1960 1829 2048 ὑμᾶς,
1879 1965 1989 2029 καὶ
2024 1964 2142 2029 τὸν
2178 1973 2294 2050 βε-

386 2058 721 2140 βιωμένον
768 2052 949 2119 αὑτω
987 2063 1139 2141 βιον
1177 2055 1411 2123 αὐτίκα
1450 2057 1526 2144 δὴ
1566 2059 1718 2143 μαλ’
1753 2064 1890 2144 ἐρεῖ
1918 2071 2181 2151 λαμπρᾷ
2215 2073 2293 2151 τῇ
2357 2111 2359 2113 .

389 2161 612 2238 φωνῇ·
632 2148 742 2235 ἐφ’
770 2147 867 2229 οἷς
890 2158 1093 2236 ἔγωγε
1117 2154 1578 2240 ἀποπνίγομαι.
1627 2157 1747 2224 οὐκ
1775 2170 1994 2226 ἴσασιν
2016 2153 2198 2227 οὗτοι
2221 2152 2291 2227 τὸ

388 2276 509 2334 μεν
533 2253 596 2327 ἐξ
622 2246 822 2333 ἀρχῆς
844 2275 962 2326 τας
987 2257 1258 2336 βίβλους
1282 2252 1866 2338 ἀναγιγνώσκοντά
1893 2278 1963 2322 σε
1988 2267 2067 2341 τῇ
2102 2260 2293 2342 μητρὶ

387 2347 691 2433 τελούσῃ,
718 2350 827 2412 καὶ
852 2353 1050 2411 παῖδα
1077 2348 1238 2412 ὄντα
1264 2354 1336 2413 ἐν
1361 2352 1622 2427 θιάσοις
1646 2355 1751 2415 καὶ
1774 2354 2147 2435 μεθύουσιν
2170 2353 2292 2417 ἀν-

258 2453 367 2503 200
387 2443 688 2527 θρώποις
732 2444 1287 2528 καλινδούμενονς
1332 2446 1492 2531 μετὰ
1536 2456 1740 2514 ταῦτα
1784 2449 1853 2515 δὲ
1893 2465 2031 2528 ταῖς
2066 2450 2291 2535 ἀρχαῖς

382 2540 1069 2626 ὑπογραμματεύοντα
1094 2546 1201 2608 καὶ
1229 2548 1419 2611 δυοῖν
1443 2541 1486 2630 ἦ
1509 2555 1708 2628 τριῶν
1734 2551 2041 2632 δραχμῶν
2080 2574 2290 2633 πονη-

381 2637 507 2727 ρὸν
533 2639 724 2717 ὅντα;
767 2667 845 2705 τα
871 2649 1209 2708 τελευταῖα
1247 2643 1309 2709 δ’
1348 2649 1616 2727 ἔναγχος
1651 2648 1722 2710 ἐν
1743 2655 2068 2730 χορηγίοις
2092 2646 2289 2713 ἀλλο-

377 2745 583 2822 τρίοις
605 2741 709 2805 ἐπὶ
731 2765 820 2826 τω
850 2757 1381 2824 τριταγωνιστεῖν
1405 2740 1752 2828 ἀγαπητως
1784 2745 2288 2831 παρατρεφόμε-

378 2862 539 2915 νον;
565 2850 757 2902 ποῖον
783 2842 910 2902 οὐν
933 2842 1097 2919 ἐρεῖς
1121 2838 1316 2923 βίον
1293 2868 1373 2906 ον
1397 2867 1477 2905 ov
1497 2849 1837 2927 βεβίωκας,
1861 2843 2042 2909 ἐπεὶ
2019 2843 2056 2909 ό
2078 2869 2151 2926 γε
2173 2851 2288 2927 βε-

376 2937 703 3017 βιωμένος
725 2955 828 3001 σοι
852 2943 1149 3013 τοιοῦτος
1173 2944 1505 3021 φαίνεται;
1555 2938 1720 3005 ἀλλα
1758 2939 1835 3025 δὴ
1864 2967 1942 3005 τα
1967 2949 2078 3026 τῆς
2099 2943 2287 3018 ἐξου-

375 3036 535 3108 σίας.
584 3036 777 3110 ούτος
802 3033 1007 3100 α’λλον
1031 3040 1247 3118 ἔκρινε
1269 3035 1424 3122 παρ’
1455 3035 1614 3121 ὑμῖν
1633 3039 1734 3104 επὶ
1754 3046 2045 3126 πορνεία.
2114 3033 2278 3104 ἀλλα

371 3129 565 3213 μήπω
611 3159 847 3216 ταυτα,
902 3130 1069 3198 ἀλλά
1115 3131 1228 3210 τάς
1271 3142 1633 3219 μαρτυρίας
1672 3164 1783 3221 μοι
1825 3137 1970 3221 λέγε
2013 3160 2278 3221 πρωτον

368 3233 661 3294 ταυτασί.

175 3409 177 3411 ¹
1068 3337 1583 3398 MAPTYPIAI.
2296 3346 2400 3401 404

236 3432 331 3489 201
541 3427 903 3495 Τοσούτων
925 3434 1159 3497 τοίνυν
1182 3434 1288 3495 καὶ
1314 3431 1633 3497 τοιούτων
1671 3430 1885 3497 ὄντων
1901 3480 1918 3511 ,
1965 3420 2018 3493 οἷ
2039 3427 2277 3511 ἄνδρες

360 3531 692 3612 δικασταὶ,
756 3519 856 3593 ὦν
898 3525 1150 3594 ἀδικῶν
1193 3525 1367 3612 ὑμᾶς
1408 3529 1887 3614 ἐξελήλεγκται,
1948 3528 2020 3592 ἐν
2062 3521 2157 3604 οἷς
2212 3530 2286 3592 τί
