<?xml version="1.0" encoding="UTF-8"?>
<!DOCTYPE html PUBLIC "-//W3C//DTD XHTML 1.0 Transitional//EN"
    "http://www.w3.org/TR/xhtml1/DTD/xhtml1-transitional.dtd">
<html xmlns="http://www.w3.org/1999/xhtml" xml:lang="en" lang="en">
 <head>
  <title>
</title>
<meta http-equiv="Content-Type" content="text/html;charset=utf-8" />
  <meta name='ocr-system' content='tesseract 3.04.00' />
  <meta name='ocr-capabilities' content='ocr_page ocr_carea ocr_par ocr_line ocrx_word'/>
</head>
<body>
  <div class='ocr_page' id='page_1' title='image "./demosthenisorat13demogoog_0086.png"; bbox 0 0 2622 4065; ppageno 0'>
   <div class='ocr_carea' id='block_1_1' title="bbox 398 267 1896 380">
    <p class='ocr_par' dir='ltr' id='par_1_1' title="bbox 398 267 1896 380">
     <span class='ocr_line' id='line_1_1' title="bbox 398 267 1896 380; baseline 0.009 -14"><span class='ocrx_word' id='word_1_1' title='bbox 398 306 521 369; x_wconf 80' lang='lat'><em>268</em></span> <span class='ocrx_word' id='word_1_2' title='bbox 681 356 684 357; x_wconf 16' lang='grc' dir='ltr'><em>ν</em></span> <span class='ocrx_word' id='word_1_3' title='bbox 816 316 1005 372; x_wconf 84' lang='lat' dir='ltr'><strong>XVIII.</strong></span> <span class='ocrx_word' id='word_1_4' title='bbox 1067 314 1742 378; x_wconf 78' lang='grc' dir='ltr'><em>ΔΗΜΟΣΘΕΝΟ</em></span> <span class='ocrx_word' id='word_1_5' title='bbox 1766 267 1896 380; x_wconf 73' lang='grc' dir='ltr'><em>ΥΣ</em></span> 
     </span>
    </p>
   </div>
   <div class='ocr_carea' id='block_1_2' title="bbox 280 469 2461 1716">
    <p class='ocr_par' dir='ltr' id='par_1_2' title="bbox 280 469 2461 1716">
     <span class='ocr_line' id='line_1_2' title="bbox 401 469 2294 593; baseline 0.009 -62"><span class='ocrx_word' id='word_1_6' title='bbox 401 475 527 531; x_wconf 76' lang='grc' dir='ltr'><em>τοῦ</em></span> <span class='ocrx_word' id='word_1_7' title='bbox 549 477 908 593; x_wconf 78' lang='grc' dir='ltr'><em>καθαρμοῦ</em></span> <span class='ocrx_word' id='word_1_8' title='bbox 938 472 1229 536; x_wconf 79' lang='grc' dir='ltr'><em>κελεύων</em></span> <span class='ocrx_word' id='word_1_9' title='bbox 1250 469 1502 554; x_wconf 55' lang='grc' dir='ltr'><em>λέγεινε</em></span> <span class='ocrx_word' id='word_1_10' title='bbox 1508 470 1783 558; x_wconf 81' lang='grc' dir='ltr'><em>ἔφυγον</em></span> <span class='ocrx_word' id='word_1_11' title='bbox 1808 503 2047 562; x_wconf 86' lang='grc' dir='ltr'><em>κακον,</em></span> <span class='ocrx_word' id='word_1_12' title='bbox 2092 471 2294 563; x_wconf 79' lang='grc' dir='ltr'><em>εὖρον</em></span> 
     </span>
     <span class='ocr_line' id='line_1_3' title="bbox 389 560 2295 655; baseline 0.008 -27.385"><span class='ocrx_word' id='word_1_13' title='bbox 389 560 770 649; x_wconf 72' lang='grc' dir='ltr'><em>“ὀὶμεινον,”</em></span> <span class='ocrx_word' id='word_1_14' title='bbox 812 570 913 632; x_wconf 79' lang='grc' dir='ltr'><em>ἐπὶ</em></span> <span class='ocrx_word' id='word_1_15' title='bbox 935 593 1022 631; x_wconf 90' lang='grc' dir='ltr'><em>τω</em></span> <span class='ocrx_word' id='word_1_16' title='bbox 1049 571 1297 652; x_wconf 79' lang='grc' dir='ltr'><em>μηδένα</em></span> <span class='ocrx_word' id='word_1_17' title='bbox 1332 569 1599 636; x_wconf 74' lang='grc' dir='ltr'><em>πώποτε</em></span> <span class='ocrx_word' id='word_1_18' title='bbox 1632 573 1958 655; x_wconf 77' lang='grc' dir='ltr'><strong><em>τηλικοῦτ’</em></strong></span> <span class='ocrx_word' id='word_1_19' title='bbox 1988 573 2295 654; x_wconf 80' lang='grc' dir='ltr'><em>ὀλολύξαι</em></span> 
     </span>
     <span class='ocr_line' id='line_1_4' title="bbox 405 664 2292 754; baseline 0.006 -28"><span class='ocrx_word' id='word_1_20' title='bbox 405 664 893 746; x_wconf 77' lang='grc' dir='ltr'><em>σεμνυνόμενος</em></span> <span class='ocrx_word' id='word_1_21' title='bbox 924 667 1059 749; x_wconf 83' lang='grc' dir='ltr'><em>(καὶ</em></span> <span class='ocrx_word' id='word_1_22' title='bbox 1095 671 1297 748; x_wconf 78' lang='grc' dir='ltr'><em>ἔγωγε</em></span> <span class='ocrx_word' id='word_1_23' title='bbox 1333 672 1603 749; x_wconf 80' lang='grc' dir='ltr'><em>νομίζω·</em></span> <span class='ocrx_word' id='word_1_24' title='bbox 1642 667 1727 752; x_wconf 83' lang='grc' dir='ltr'><em>μὴ</em></span> <span class='ocrx_word' id='word_1_25' title='bbox 1757 670 1882 754; x_wconf 75' lang='grc' dir='ltr'><em>γὰρ</em></span> <span class='ocrx_word' id='word_1_26' title='bbox 1925 671 2126 736; x_wconf 74' lang='grc' dir='ltr'><em>οῖ”εσθ</em></span> <span class='ocrx_word' id='word_1_27' title='bbox 2171 676 2292 738; x_wconf 83' lang='grc' dir='ltr'><em>αὐ-</em></span> 
     </span>
     <span class='ocr_line' id='line_1_5' title="bbox 280 756 2346 854; baseline 0.006 -32"><span class='ocrx_word' id='word_1_28' title='bbox 280 770 381 822; x_wconf 79' lang='lat'><em>260</em></span> <span class='ocrx_word' id='word_1_29' title='bbox 403 757 521 824; x_wconf 83' lang='grc' dir='ltr'><em>τὸν</em></span> <span class='ocrx_word' id='word_1_30' title='bbox 544 756 960 842; x_wconf 74' lang='grc' dir='ltr'><em>φθέγγεσθαι</em></span> <span class='ocrx_word' id='word_1_31' title='bbox 981 762 1100 844; x_wconf 74' lang='grc' dir='ltr'><em>μὲν</em></span> <span class='ocrx_word' id='word_1_32' title='bbox 1122 761 1292 826; x_wconf 90' lang='grc' dir='ltr'><em>ούτω</em></span> <span class='ocrx_word' id='word_1_33' title='bbox 1318 766 1499 847; x_wconf 88' lang='grc' dir='ltr'><em>μέγα,</em></span> <span class='ocrx_word' id='word_1_34' title='bbox 1518 762 1854 842; x_wconf 80' lang='grc' dir='ltr'><em>ὀλολύζειν</em></span> <span class='ocrx_word' id='word_1_35' title='bbox 1877 766 1938 831; x_wconf 89' lang='grc' dir='ltr'><em>δ’</em></span> <span class='ocrx_word' id='word_1_36' title='bbox 1958 766 2075 851; x_wconf 79' lang='grc' dir='ltr'><em>οὐχ</em></span> <span class='ocrx_word' id='word_1_37' title='bbox 2089 768 2296 854; x_wconf 82' lang='grc' dir='ltr'><em>ὑπέρ-</em></span> <span class='ocrx_word' id='word_1_38' title='bbox 2343 815 2346 819; x_wconf 53' lang='lat'>2</span> 
     </span>
     <span class='ocr_line' id='line_1_6' title="bbox 401 857 2294 943; baseline 0.006 -25"><span class='ocrx_word' id='word_1_39' title='bbox 401 862 766 940; x_wconf 85' lang='grc' dir='ltr'><em>λαμπρον),</em></span> <span class='ocrx_word' id='word_1_40' title='bbox 815 861 887 922; x_wconf 83' lang='grc' dir='ltr'><em>έν</em></span> <span class='ocrx_word' id='word_1_41' title='bbox 932 858 1003 923; x_wconf 93' lang='grc' dir='ltr'><em>δε</em></span> <span class='ocrx_word' id='word_1_42' title='bbox 1045 873 1183 934; x_wconf 76' lang='grc' dir='ltr'><em>ταῖς</em></span> <span class='ocrx_word' id='word_1_43' title='bbox 1225 857 1494 942; x_wconf 77' lang='grc' dir='ltr'><em>ἡμέραις</em></span> <span class='ocrx_word' id='word_1_44' title='bbox 1533 859 1687 936; x_wconf 78' lang='grc' dir='ltr'><em>τοὺς</em></span> <span class='ocrx_word' id='word_1_45' title='bbox 1729 861 1970 939; x_wconf 78' lang='grc' dir='ltr'><em>καλοὺς</em></span> <span class='ocrx_word' id='word_1_46' title='bbox 2013 863 2294 943; x_wconf 75' lang='grc' dir='ltr'><em>θιάσους</em></span> 
     </span>
     <span class='ocr_line' id='line_1_7' title="bbox 400 950 2294 1072; baseline 0.006 -58"><span class='ocrx_word' id='word_1_47' title='bbox 400 950 587 1032; x_wconf 91' lang='grc' dir='ltr'><em>άγων</em></span> <span class='ocrx_word' id='word_1_48' title='bbox 612 952 719 1016; x_wconf 90' lang='grc' dir='ltr'><em>δια</em></span> <span class='ocrx_word' id='word_1_49' title='bbox 747 960 883 1018; x_wconf 72' lang='grc' dir='ltr'><em>τῶν</em></span> <span class='ocrx_word' id='word_1_50' title='bbox 909 951 1121 1048; x_wconf 68' lang='grc' dir='ltr'><em>ὁδῶν,</em></span> <span class='ocrx_word' id='word_1_51' title='bbox 1158 953 1313 1031; x_wconf 76' lang='grc' dir='ltr'><em>τοὺς</em></span> <span class='ocrx_word' id='word_1_52' title='bbox 1346 958 1923 1072; x_wconf 78' lang='grc' dir='ltr'><em>ἐστεφανωμένους</em></span> <span class='ocrx_word' id='word_1_53' title='bbox 1953 968 2046 1046; x_wconf 74' lang='grc' dir='ltr'><em>τῷ</em></span> <span class='ocrx_word' id='word_1_54' title='bbox 2078 963 2294 1044; x_wconf 86' lang='grc' dir='ltr'><em>μαρά-</em></span> 
     </span>
     <span class='ocr_line' id='line_1_8' title="bbox 398 1049 2289 1138; baseline 0.006 -27"><span class='ocrx_word' id='word_1_55' title='bbox 398 1056 505 1134; x_wconf 77' lang='grc' dir='ltr'><em>θῳ</em></span> <span class='ocrx_word' id='word_1_56' title='bbox 532 1050 642 1113; x_wconf 83' lang='grc' dir='ltr'><em>καὶ</em></span> <span class='ocrx_word' id='word_1_57' title='bbox 661 1057 743 1133; x_wconf 80' lang='grc' dir='ltr'><em>τῇ</em></span> <span class='ocrx_word' id='word_1_58' title='bbox 766 1049 999 1134; x_wconf 78' lang='grc' dir='ltr'><em>λεύκῃ,</em></span> <span class='ocrx_word' id='word_1_59' title='bbox 1035 1075 1190 1127; x_wconf 88' lang='grc' dir='ltr'><em>τους</em></span> <span class='ocrx_word' id='word_1_60' title='bbox 1225 1051 1407 1134; x_wconf 84' lang='grc' dir='ltr'><em>ὄφεις</em></span> <span class='ocrx_word' id='word_1_61' title='bbox 1428 1078 1584 1129; x_wconf 88' lang='grc' dir='ltr'><em>τους</em></span> <span class='ocrx_word' id='word_1_62' title='bbox 1606 1060 1873 1136; x_wconf 86' lang='grc' dir='ltr'><em>παρείας</em></span> <span class='ocrx_word' id='word_1_63' title='bbox 1896 1062 2150 1138; x_wconf 79' lang='grc' dir='ltr'><em>θλίβων</em></span> <span class='ocrx_word' id='word_1_64' title='bbox 2173 1061 2289 1122; x_wconf 82' lang='grc' dir='ltr'><em>καὶ</em></span> 
     </span>
     <span class='ocr_line' id='line_1_9' title="bbox 399 1142 2350 1268; baseline 0.004 -59"><span class='ocrx_word' id='word_1_65' title='bbox 399 1142 568 1227; x_wconf 73' lang='grc' dir='ltr'><em>’ὑπὲρ</em></span> <span class='ocrx_word' id='word_1_66' title='bbox 583 1152 696 1229; x_wconf 85' lang='grc' dir='ltr'><em>τῆς</em></span> <span class='ocrx_word' id='word_1_67' title='bbox 710 1155 995 1263; x_wconf 78' lang='grc' dir='ltr'><em>κεφαλῆς</em></span> <span class='ocrx_word' id='word_1_68' title='bbox 1008 1150 1400 1231; x_wconf 77' lang='grc' dir='ltr'><em>αἰωρων,καὶ</em></span> <span class='ocrx_word' id='word_1_69' title='bbox 1412 1156 1594 1232; x_wconf 90' lang='grc' dir='ltr'><em>βοων</em></span> <span class='ocrx_word' id='word_1_70' title='bbox 1610 1176 1748 1215; x_wconf 90' lang='grc' dir='ltr'><em>ευοι</em></span> <span class='ocrx_word' id='word_1_71' title='bbox 1730 1158 1969 1234; x_wconf 82' lang='grc' dir='ltr'><em>σαβοῖ,</em></span> <span class='ocrx_word' id='word_1_72' title='bbox 1975 1177 2081 1216; x_wconf 86' lang='grc' dir='ltr'><em>και</em></span> <span class='ocrx_word' id='word_1_73' title='bbox 2060 1153 2293 1268; x_wconf 82' lang='grc' dir='ltr'><em>έπορ-</em></span> <span class='ocrx_word' id='word_1_74' title='bbox 2348 1142 2350 1144; x_wconf 62' lang='lat'>,</span> 
     </span>
     <span class='ocr_line' id='line_1_10' title="bbox 398 1240 2289 1331; baseline 0.004 -26"><span class='ocrx_word' id='word_1_75' title='bbox 398 1240 718 1325; x_wconf 84' lang='grc' dir='ltr'><em>χούμενος</em></span> <span class='ocrx_word' id='word_1_76' title='bbox 741 1242 861 1327; x_wconf 76' lang='grc' dir='ltr'><em>ὑῆς</em></span> <span class='ocrx_word' id='word_1_77' title='bbox 883 1243 1074 1328; x_wconf 85' lang='grc' dir='ltr'><em>άττης</em></span> <span class='ocrx_word' id='word_1_78' title='bbox 1097 1242 1287 1327; x_wconf 80' lang='grc' dir='ltr'><em>ἄττης</em></span> <span class='ocrx_word' id='word_1_79' title='bbox 1310 1241 1452 1327; x_wconf 81' lang='grc' dir='ltr'><em>ὑῆς,</em></span> <span class='ocrx_word' id='word_1_80' title='bbox 1483 1252 1744 1329; x_wconf 80' lang='grc' dir='ltr'><em>ἔξαρχος</em></span> <span class='ocrx_word' id='word_1_81' title='bbox 1762 1250 1870 1311; x_wconf 84' lang='grc' dir='ltr'><em>καὶ</em></span> <span class='ocrx_word' id='word_1_82' title='bbox 1895 1271 2289 1331; x_wconf 87' lang='grc' dir='ltr'><em>προηγεμων</em></span> 
     </span>
     <span class='ocr_line' id='line_1_11' title="bbox 395 1339 2292 1424; baseline 0.002 -22"><span class='ocrx_word' id='word_1_83' title='bbox 395 1340 509 1404; x_wconf 86' lang='grc' dir='ltr'><em>καὶ</em></span> <span class='ocrx_word' id='word_1_84' title='bbox 551 1340 946 1424; x_wconf 85' lang='grc' dir='ltr'><em>κιστοφόρος</em></span> <span class='ocrx_word' id='word_1_85' title='bbox 987 1344 1097 1406; x_wconf 83' lang='grc' dir='ltr'><em>καὶ</em></span> <span class='ocrx_word' id='word_1_86' title='bbox 1139 1340 1534 1424; x_wconf 76' lang='grc' dir='ltr'><em>λικνοφόρος</em></span> <span class='ocrx_word' id='word_1_87' title='bbox 1557 1344 1664 1406; x_wconf 84' lang='grc' dir='ltr'><em>καὶ</em></span> <span class='ocrx_word' id='word_1_88' title='bbox 1696 1351 1966 1407; x_wconf 79' lang='grc' dir='ltr'><em>τοιαῦτα</em></span> <span class='ocrx_word' id='word_1_89' title='bbox 2001 1339 2128 1406; x_wconf 80' lang='grc' dir='ltr'><em>ὑπὸ</em></span> <span class='ocrx_word' id='word_1_90' title='bbox 2153 1368 2292 1406; x_wconf 90' lang='grc' dir='ltr'><em>των</em></span> 
     </span>
     <span class='ocr_line' id='line_1_12' title="bbox 395 1435 2461 1520; baseline 0.002 -21"><span class='ocrx_word' id='word_1_91' title='bbox 395 1438 692 1519; x_wconf 77' lang='grc' dir='ltr'><em>γρᾳδίων</em></span> <span class='ocrx_word' id='word_1_92' title='bbox 706 1438 1384 1520; x_wconf 77' lang='grc' dir='ltr'><em>προσαγορευόμενος,</em></span> <span class='ocrx_word' id='word_1_93' title='bbox 1400 1435 1646 1519; x_wconf 80' lang='grc' dir='ltr'><em>μισθὸν</em></span> <span class='ocrx_word' id='word_1_94' title='bbox 1662 1438 2019 1520; x_wconf 76' lang='grc' dir='ltr'><em>λαμβάνων</em></span> <span class='ocrx_word' id='word_1_95' title='bbox 2033 1439 2290 1502; x_wconf 90' lang='grc' dir='ltr'><em>τούτων</em></span> <span class='ocrx_word' id='word_1_96' title='bbox 2308 1453 2410 1504; x_wconf 69' lang='lat'><em>314</em></span> <span class='ocrx_word' id='word_1_97' title='bbox 2456 1481 2461 1484; x_wconf 90' lang='lat'><em>-</em></span> 
     </span>
     <span class='ocr_line' id='line_1_13' title="bbox 393 1528 2291 1616; baseline 0.002 -20"><span class='ocrx_word' id='word_1_98' title='bbox 393 1536 753 1613; x_wconf 74' lang='grc' dir='ltr'><em>ἔνθρυπτα</em></span> <span class='ocrx_word' id='word_1_99' title='bbox 767 1535 874 1596; x_wconf 83' lang='grc' dir='ltr'><em>καὶ</em></span> <span class='ocrx_word' id='word_1_100' title='bbox 888 1534 1250 1616; x_wconf 77' lang='grc' dir='ltr'><em>στρεπτούς</em></span> <span class='ocrx_word' id='word_1_101' title='bbox 1267 1531 1374 1594; x_wconf 88' lang='grc' dir='ltr'><em>καὶ</em></span> <span class='ocrx_word' id='word_1_102' title='bbox 1391 1529 1692 1616; x_wconf 83' lang='grc' dir='ltr'><em>νεήλατα,</em></span> <span class='ocrx_word' id='word_1_103' title='bbox 1713 1530 1808 1614; x_wconf 85' lang='grc' dir='ltr'><em>ἐφ’</em></span> <span class='ocrx_word' id='word_1_104' title='bbox 1835 1528 1930 1609; x_wconf 86' lang='grc' dir='ltr'><em>οἷς</em></span> <span class='ocrx_word' id='word_1_105' title='bbox 1948 1541 2040 1610; x_wconf 91' lang='grc' dir='ltr'><em>τίς</em></span> <span class='ocrx_word' id='word_1_106' title='bbox 2065 1534 2188 1599; x_wconf 80' lang='grc' dir='ltr'><em>οὐκ</em></span> <span class='ocrx_word' id='word_1_107' title='bbox 2209 1533 2291 1599; x_wconf 72' lang='grc' dir='ltr'><em>ἂν</em></span> 
     </span>
     <span class='ocr_line' id='line_1_14' title="bbox 402 1624 2288 1716; baseline 0.002 -24"><span class='ocrx_word' id='word_1_108' title='bbox 402 1626 492 1705; x_wconf 76' lang='grc' dir='ltr'><em>ὡς</em></span> <span class='ocrx_word' id='word_1_109' title='bbox 516 1625 783 1716; x_wconf 73' lang='grc' dir='ltr'><em>ἀληθῶς</em></span> <span class='ocrx_word' id='word_1_110' title='bbox 808 1624 1013 1691; x_wconf 77' lang='grc' dir='ltr'><em>αὑτὸν</em></span> <span class='ocrx_word' id='word_1_111' title='bbox 1040 1625 1521 1709; x_wconf 78' lang='grc' dir='ltr'><em>εὐδαιμονίσειε</em></span> <span class='ocrx_word' id='word_1_112' title='bbox 1544 1631 1654 1691; x_wconf 78' lang='grc' dir='ltr'><em>καὶ</em></span> <span class='ocrx_word' id='word_1_113' title='bbox 1677 1625 1798 1709; x_wconf 83' lang='grc' dir='ltr'><em>τὴν</em></span> <span class='ocrx_word' id='word_1_114' title='bbox 1822 1626 2031 1693; x_wconf 81' lang='grc' dir='ltr'><em>αὑτοῦ</em></span> <span class='ocrx_word' id='word_1_115' title='bbox 2053 1630 2288 1714; x_wconf 81' lang='grc' dir='ltr'><em>τύχην;</em></span> 
     </span>
    </p>
   </div>
   <div class='ocr_carea' id='block_1_3' title="bbox 101 1700 2290 1809">
    <p class='ocr_par' dir='ltr' id='par_1_3' title="bbox 101 1700 2290 1809">
     <span class='ocr_line' id='line_1_15' title="bbox 101 1700 2290 1809; baseline 0 -19"><span class='ocrx_word' id='word_1_116' title='bbox 101 1700 103 1702; x_wconf 17' lang='lat'><strong><em>¹</em></strong></span> <span class='ocrx_word' id='word_1_117' title='bbox 201 1750 217 1755; x_wconf 72' lang='grc'><strong>“</strong></span> <span class='ocrx_word' id='word_1_118' title='bbox 272 1735 382 1790; x_wconf 67' lang='lat'><em>⁴261</em></span> <span class='ocrx_word' id='word_1_119' title='bbox 402 1721 627 1804; x_wconf 82' lang='grc' dir='ltr'><em>ἐπειδὴ</em></span> <span class='ocrx_word' id='word_1_120' title='bbox 654 1722 705 1786; x_wconf 86' lang='grc' dir='ltr'><em>δ’</em></span> <span class='ocrx_word' id='word_1_121' title='bbox 735 1727 825 1798; x_wconf 84' lang='grc' dir='ltr'><em>εἰς</em></span> <span class='ocrx_word' id='word_1_122' title='bbox 849 1722 1004 1797; x_wconf 75' lang='grc' dir='ltr'><em>τοὺς</em></span> <span class='ocrx_word' id='word_1_123' title='bbox 1028 1722 1310 1802; x_wconf 88' lang='grc' dir='ltr'><em>δημότας</em></span> <span class='ocrx_word' id='word_1_124' title='bbox 1337 1723 1702 1805; x_wconf 74' lang='grc' dir='ltr'><em>ἐνεγράφης</em></span> <span class='ocrx_word' id='word_1_125' title='bbox 1727 1722 2176 1809; x_wconf 75' lang='grc' dir='ltr'><em>ὁπωσδήποτε,</em></span> <span class='ocrx_word' id='word_1_126' title='bbox 2205 1729 2290 1791; x_wconf 75' lang='grc' dir='ltr'><em>ἐῶ</em></span> 
     </span>
    </p>
   </div>
   <div class='ocr_carea' id='block_1_4' title="bbox 289 1810 2289 2297">
    <p class='ocr_par' dir='ltr' id='par_1_4' title="bbox 289 1810 2289 2297">
     <span class='ocr_line' id='line_1_16' title="bbox 394 1810 2284 1904; baseline 0 -21"><span class='ocrx_word' id='word_1_127' title='bbox 394 1818 523 1904; x_wconf 80' lang='grc' dir='ltr'><em>γὰρ</em></span> <span class='ocrx_word' id='word_1_128' title='bbox 542 1818 741 1884; x_wconf 82' lang='grc' dir='ltr'><em>τοῦτό</em></span> <span class='ocrx_word' id='word_1_129' title='bbox 762 1844 856 1901; x_wconf 87' lang='grc' dir='ltr'><em>γε,</em></span> <span class='ocrx_word' id='word_1_130' title='bbox 887 1814 1108 1897; x_wconf 84' lang='grc' dir='ltr'><em>ἐπειδὴ</em></span> <span class='ocrx_word' id='word_1_131' title='bbox 1127 1815 1180 1878; x_wconf 82' lang='grc' dir='ltr'><em>δ’</em></span> <span class='ocrx_word' id='word_1_132' title='bbox 1204 1810 1329 1880; x_wconf 81' lang='grc' dir='ltr'><em>οὖν</em></span> <span class='ocrx_word' id='word_1_133' title='bbox 1353 1820 1739 1902; x_wconf 82' lang='grc' dir='ltr'><em>ἐνεγράφης,</em></span> <span class='ocrx_word' id='word_1_134' title='bbox 1768 1818 2016 1894; x_wconf 79' lang='grc' dir='ltr'><em>εὐθέως</em></span> <span class='ocrx_word' id='word_1_135' title='bbox 2039 1819 2110 1883; x_wconf 81' lang='grc' dir='ltr'><em>τὸ</em></span> <span class='ocrx_word' id='word_1_136' title='bbox 2128 1821 2284 1884; x_wconf 87' lang='grc' dir='ltr'><em>κάλ-</em></span> 
     </span>
     <span class='ocr_line' id='line_1_17' title="bbox 289 1914 2289 2000; baseline -0.002 -16"><span class='ocrx_word' id='word_1_137' title='bbox 289 1916 302 1927; x_wconf 83' lang='grc'><strong>’</strong></span> <span class='ocrx_word' id='word_1_138' title='bbox 395 1927 622 1984; x_wconf 86' lang='grc' dir='ltr'><em>λιστον</em></span> <span class='ocrx_word' id='word_1_139' title='bbox 638 1919 899 1993; x_wconf 78' lang='grc' dir='ltr'><em>ἐξελέξω</em></span> <span class='ocrx_word' id='word_1_140' title='bbox 914 1920 1047 1979; x_wconf 71' lang='grc' dir='ltr'><em>τῶν</em></span> <span class='ocrx_word' id='word_1_141' title='bbox 1065 1917 1298 1996; x_wconf 84' lang='grc' dir='ltr'><em>ἔργων,</em></span> <span class='ocrx_word' id='word_1_142' title='bbox 1315 1915 1799 1996; x_wconf 84' lang='grc' dir='ltr'><em>γραμματεύειν</em></span> <span class='ocrx_word' id='word_1_143' title='bbox 1815 1919 1923 1980; x_wconf 82' lang='grc' dir='ltr'><em>καὶ</em></span> <span class='ocrx_word' id='word_1_144' title='bbox 1936 1914 2289 2000; x_wconf 80' lang='grc' dir='ltr'><em>ὑπηρετεῖν</em></span> 
     </span>
     <span class='ocr_line' id='line_1_18' title="bbox 397 2010 2281 2135; baseline -0.003 -51"><span class='ocrx_word' id='word_1_145' title='bbox 397 2031 531 2097; x_wconf 76' lang='grc' dir='ltr'><em>τοῖς</em></span> <span class='ocrx_word' id='word_1_146' title='bbox 550 2018 886 2106; x_wconf 81' lang='grc' dir='ltr'><em>ἀρχιδίοις.</em></span> <span class='ocrx_word' id='word_1_147' title='bbox 915 2047 1001 2095; x_wconf 86' lang='grc' dir='ltr'><em>ως</em></span> <span class='ocrx_word' id='word_1_148' title='bbox 1026 2016 1077 2084; x_wconf 88' lang='grc' dir='ltr'><em>δ’</em></span> <span class='ocrx_word' id='word_1_149' title='bbox 1111 2015 1488 2135; x_wconf 77' lang='grc' dir='ltr'><em>ἀπηλλάγης</em></span> <span class='ocrx_word' id='word_1_150' title='bbox 1504 2014 1658 2078; x_wconf 77' lang='grc' dir='ltr'><em>ποτὲ</em></span> <span class='ocrx_word' id='word_1_151' title='bbox 1673 2015 1779 2077; x_wconf 87' lang='grc' dir='ltr'><em>καὶ</em></span> <span class='ocrx_word' id='word_1_152' title='bbox 1793 2038 2054 2097; x_wconf 90' lang='grc' dir='ltr'><em>τουτου,</em></span> <span class='ocrx_word' id='word_1_153' title='bbox 2085 2010 2281 2079; x_wconf 78' lang='grc' dir='ltr'><em>πάνθ’</em></span> 
     </span>
     <span class='ocr_line' id='line_1_19' title="bbox 394 2108 2288 2199; baseline -0.004 -18"><span class='ocrx_word' id='word_1_154' title='bbox 394 2144 436 2181; x_wconf 86' lang='grc' dir='ltr'><em>α</em></span> <span class='ocrx_word' id='word_1_155' title='bbox 466 2141 609 2182; x_wconf 89' lang='grc' dir='ltr'><em>των</em></span> <span class='ocrx_word' id='word_1_156' title='bbox 633 2116 856 2184; x_wconf 89' lang='grc' dir='ltr'><em>άλλων</em></span> <span class='ocrx_word' id='word_1_157' title='bbox 879 2128 1265 2199; x_wconf 82' lang='grc' dir='ltr'><em>κατηγορεῖς</em></span> <span class='ocrx_word' id='word_1_158' title='bbox 1301 2110 1498 2187; x_wconf 85' lang='grc' dir='ltr'><em>αυτὸς</em></span> <span class='ocrx_word' id='word_1_159' title='bbox 1522 2109 1828 2193; x_wconf 84' lang='grc' dir='ltr'><em>ποιήσας,</em></span> <span class='ocrx_word' id='word_1_160' title='bbox 1858 2108 1937 2174; x_wconf 85' lang='grc' dir='ltr'><em>ού</em></span> <span class='ocrx_word' id='word_1_161' title='bbox 1962 2109 2288 2194; x_wconf 83' lang='grc' dir='ltr'><em>κατῄσχυ-</em></span> 
     </span>
     <span class='ocr_line' id='line_1_20' title="bbox 393 2203 2286 2297; baseline -0.005 -20"><span class='ocrx_word' id='word_1_162' title='bbox 393 2203 512 2290; x_wconf 85' lang='grc' dir='ltr'><em>νας</em></span> <span class='ocrx_word' id='word_1_163' title='bbox 536 2213 626 2297; x_wconf 80' lang='grc' dir='ltr'><em>μὰ</em></span> <span class='ocrx_word' id='word_1_164' title='bbox 640 2215 754 2280; x_wconf 88' lang='grc' dir='ltr'><em>Δί’</em></span> <span class='ocrx_word' id='word_1_165' title='bbox 784 2213 983 2279; x_wconf 80' lang='grc' dir='ltr'><em>οὐδεν</em></span> <span class='ocrx_word' id='word_1_166' title='bbox 1018 2237 1152 2278; x_wconf 89' lang='grc' dir='ltr'><em>των</em></span> <span class='ocrx_word' id='word_1_167' title='bbox 1183 2213 1760 2294; x_wconf 73' lang='grc' dir='ltr'><em>προϋπηργμένων</em></span> <span class='ocrx_word' id='word_1_168' title='bbox 1783 2232 1871 2270; x_wconf 89' lang='grc' dir='ltr'><em>τω</em></span> <span class='ocrx_word' id='word_1_169' title='bbox 1900 2205 2058 2288; x_wconf 79' lang='grc' dir='ltr'><em>μετὰ</em></span> <span class='ocrx_word' id='word_1_170' title='bbox 2083 2214 2286 2270; x_wconf 82' lang='grc' dir='ltr'><em>ταῦτα</em></span> 
     </span>
    </p>
   </div>
   <div class='ocr_carea' id='block_1_5' title="bbox 271 2300 2292 2487">
    <p class='ocr_par' dir='ltr' id='par_1_5' title="bbox 271 2300 2292 2487">
     <span class='ocr_line' id='line_1_21' title="bbox 271 2300 2292 2397; baseline -0.006 -21"><span class='ocrx_word' id='word_1_171' title='bbox 271 2325 381 2376; x_wconf 68' lang='lat'><em>262</em></span> <span class='ocrx_word' id='word_1_172' title='bbox 395 2317 555 2397; x_wconf 83' lang='grc' dir='ltr'><em>βίω,</em></span> <span class='ocrx_word' id='word_1_173' title='bbox 595 2309 761 2375; x_wconf 82' lang='grc' dir='ltr'><em>ἀλλὰ</em></span> <span class='ocrx_word' id='word_1_174' title='bbox 799 2309 1140 2393; x_wconf 76' lang='grc' dir='ltr'><em>μισθωσας</em></span> <span class='ocrx_word' id='word_1_175' title='bbox 1165 2304 1412 2370; x_wconf 81' lang='grc' dir='ltr'><em>σαυτὸν</em></span> <span class='ocrx_word' id='word_1_176' title='bbox 1436 2315 1570 2377; x_wconf 81' lang='grc' dir='ltr'><em>τοϊς</em></span> <span class='ocrx_word' id='word_1_177' title='bbox 1596 2300 2032 2383; x_wconf 88' lang='grc' dir='ltr'><em>βαρυστόνοις</em></span> <span class='ocrx_word' id='word_1_178' title='bbox 2062 2304 2292 2365; x_wconf 79' lang='grc' dir='ltr'><em>ἐπικα-</em></span> 
     </span>
     <span class='ocr_line' id='line_1_22' title="bbox 395 2396 2285 2487; baseline -0.005 -17"><span class='ocrx_word' id='word_1_179' title='bbox 395 2408 747 2487; x_wconf 88' lang='grc' dir='ltr'><em>λουμένοις</em></span> <span class='ocrx_word' id='word_1_180' title='bbox 776 2408 1049 2478; x_wconf 83' lang='grc' dir='ltr'><em>ἐκείνοις</em></span> <span class='ocrx_word' id='word_1_181' title='bbox 1072 2400 1478 2483; x_wconf 80' lang='grc' dir='ltr'><em>ὑποκριταῖς,</em></span> <span class='ocrx_word' id='word_1_182' title='bbox 1503 2396 1778 2482; x_wconf 86' lang='grc' dir='ltr'><em>Σιμύλω</em></span> <span class='ocrx_word' id='word_1_183' title='bbox 1804 2400 1910 2458; x_wconf 86' lang='grc' dir='ltr'><em>και</em></span> <span class='ocrx_word' id='word_1_184' title='bbox 1925 2399 2285 2481; x_wconf 77' lang='grc' dir='ltr'><em>Σωκράτει,</em></span> 
     </span>
    </p>
   </div>
   <div class='ocr_carea' id='block_1_6' title="bbox 382 2492 2288 3059">
    <p class='ocr_par' dir='ltr' id='par_1_6' title="bbox 382 2492 2288 3059">
     <span class='ocr_line' id='line_1_23' title="bbox 397 2492 2288 2583; baseline -0.006 -16"><span class='ocrx_word' id='word_1_185' title='bbox 397 2504 979 2583; x_wconf 79' lang='grc' dir='ltr'><em>ἐτριταγωνίστεις,</em></span> <span class='ocrx_word' id='word_1_186' title='bbox 1008 2518 1181 2563; x_wconf 89' lang='grc' dir='ltr'><em>συκα</em></span> <span class='ocrx_word' id='word_1_187' title='bbox 1206 2499 1316 2561; x_wconf 82' lang='grc' dir='ltr'><em>καὶ</em></span> <span class='ocrx_word' id='word_1_188' title='bbox 1340 2495 1582 2579; x_wconf 90' lang='grc' dir='ltr'><em>βότρυς</em></span> <span class='ocrx_word' id='word_1_189' title='bbox 1608 2493 1714 2556; x_wconf 88' lang='grc' dir='ltr'><em>καὶ</em></span> <span class='ocrx_word' id='word_1_190' title='bbox 1740 2492 1927 2567; x_wconf 83' lang='grc' dir='ltr'><em>ἐλάας</em></span> <span class='ocrx_word' id='word_1_191' title='bbox 1953 2497 2288 2573; x_wconf 86' lang='grc' dir='ltr'><em>συλλέγων</em></span> 
     </span>
     <span class='ocr_line' id='line_1_24' title="bbox 396 2591 2285 2705; baseline -0.004 -45"><span class='ocrx_word' id='word_1_192' title='bbox 396 2594 618 2679; x_wconf 87' lang='grc' dir='ltr'><em>ω’σπερ</em></span> <span class='ocrx_word' id='word_1_193' title='bbox 637 2594 999 2680; x_wconf 71' lang='grc' dir='ltr'><em>ὀπωρώνης</em></span> <span class='ocrx_word' id='word_1_194' title='bbox 1015 2598 1084 2660; x_wconf 81' lang='grc' dir='ltr'><em>ἐκ</em></span> <span class='ocrx_word' id='word_1_195' title='bbox 1099 2621 1231 2660; x_wconf 90' lang='grc' dir='ltr'><em>των</em></span> <span class='ocrx_word' id='word_1_196' title='bbox 1247 2591 1610 2705; x_wconf 76' lang='grc' dir='ltr'><em>ἀλλοτρίων</em></span> <span class='ocrx_word' id='word_1_197' title='bbox 1624 2594 1900 2672; x_wconf 85' lang='grc' dir='ltr'><em>χωρίων,</em></span> <span class='ocrx_word' id='word_1_198' title='bbox 1919 2596 2116 2652; x_wconf 87' lang='grc' dir='ltr'><em>πλείω</em></span> <span class='ocrx_word' id='word_1_199' title='bbox 2135 2598 2285 2672; x_wconf 82' lang='grc' dir='ltr'><em>λαμ-</em></span> 
     </span>
     <span class='ocr_line' id='line_1_25' title="bbox 394 2681 2286 2803; baseline -0.004 -48"><span class='ocrx_word' id='word_1_200' title='bbox 394 2693 623 2776; x_wconf 88' lang='grc' dir='ltr'><em>βάνων</em></span> <span class='ocrx_word' id='word_1_201' title='bbox 648 2691 774 2757; x_wconf 81' lang='grc' dir='ltr'><em>ἀπὸ</em></span> <span class='ocrx_word' id='word_1_202' title='bbox 803 2693 1061 2757; x_wconf 87' lang='grc' dir='ltr'><em>τούτων</em></span> <span class='ocrx_word' id='word_1_203' title='bbox 1077 2691 1427 2803; x_wconf 86' lang='grc' dir='ltr'><em>τραύματα</em></span> <span class='ocrx_word' id='word_1_204' title='bbox 1436 2713 1476 2770; x_wconf 90' lang='grc' dir='ltr'><em>η</em></span> <span class='ocrx_word' id='word_1_205' title='bbox 1494 2711 1626 2749; x_wconf 88' lang='grc' dir='ltr'><em>των</em></span> <span class='ocrx_word' id='word_1_206' title='bbox 1646 2683 1944 2768; x_wconf 75' lang='grc' dir='ltr'><em>ἀγώνων,</em></span> <span class='ocrx_word' id='word_1_207' title='bbox 1972 2681 2088 2760; x_wconf 75' lang='grc' dir='ltr'><em>οὓς</em></span> <span class='ocrx_word' id='word_1_208' title='bbox 2102 2683 2286 2766; x_wconf 82' lang='grc' dir='ltr'><em>ὑμεις</em></span> 
     </span>
     <span class='ocr_line' id='line_1_26' title="bbox 386 2774 2272 2868; baseline -0.005 -18"><span class='ocrx_word' id='word_1_209' title='bbox 386 2788 535 2867; x_wconf 85' lang='grc' dir='ltr'><em>περὶ</em></span> <span class='ocrx_word' id='word_1_210' title='bbox 557 2793 673 2868; x_wconf 89' lang='grc' dir='ltr'><em>τῆς</em></span> <span class='ocrx_word' id='word_1_211' title='bbox 694 2794 905 2868; x_wconf 75' lang='grc' dir='ltr'><em>ψυχῆς</em></span> <span class='ocrx_word' id='word_1_212' title='bbox 926 2784 1356 2868; x_wconf 77' lang='grc' dir='ltr'><em>ἠγωνίζεσθε·</em></span> <span class='ocrx_word' id='word_1_213' title='bbox 1384 2774 1468 2864; x_wconf 82' lang='grc' dir='ltr'><em>ἦν</em></span> <span class='ocrx_word' id='word_1_214' title='bbox 1489 2780 1614 2863; x_wconf 76' lang='grc' dir='ltr'><em>γὰρ</em></span> <span class='ocrx_word' id='word_1_215' title='bbox 1642 2778 2006 2855; x_wconf 87' lang='grc' dir='ltr'><em>άσπονδος</em></span> <span class='ocrx_word' id='word_1_216' title='bbox 1989 2777 2146 2843; x_wconf 82' lang='grc' dir='ltr'><em>καὶ’</em></span> <span class='ocrx_word' id='word_1_217' title='bbox 2113 2777 2272 2861; x_wconf 86' lang='grc' dir='ltr'><em>ακή-</em></span> 
     </span>
     <span class='ocr_line' id='line_1_27' title="bbox 383 2872 2272 2964; baseline -0.003 -21"><span class='ocrx_word' id='word_1_218' title='bbox 383 2905 626 2961; x_wconf 86' lang='grc' dir='ltr'><em>ρυκτος</em></span> <span class='ocrx_word' id='word_1_219' title='bbox 649 2878 807 2961; x_wconf 79' lang='grc' dir='ltr'><em>ὑμῖν</em></span> <span class='ocrx_word' id='word_1_220' title='bbox 829 2877 992 2964; x_wconf 81' lang='grc' dir='ltr'><em>πρὸς</em></span> <span class='ocrx_word' id='word_1_221' title='bbox 1016 2877 1169 2953; x_wconf 78' lang='grc' dir='ltr'><em>τούς</em></span> <span class='ocrx_word' id='word_1_222' title='bbox 1192 2878 1436 2952; x_wconf 73' lang='grc' dir='ltr'><em>θεατάς</em></span> <span class='ocrx_word' id='word_1_223' title='bbox 1473 2877 1750 2959; x_wconf 89' lang='grc' dir='ltr'><em>πόλεμος</em></span> <span class='ocrx_word' id='word_1_224' title='bbox 1766 2927 1782 2959; x_wconf 90' lang='grc'><em>,</em></span> <span class='ocrx_word' id='word_1_225' title='bbox 1813 2872 1921 2957; x_wconf 79' lang='grc' dir='ltr'><em>ὑφ’</em></span> <span class='ocrx_word' id='word_1_226' title='bbox 1950 2902 2044 2939; x_wconf 87' lang='grc' dir='ltr'><em>ων</em></span> <span class='ocrx_word' id='word_1_227' title='bbox 2068 2872 2272 2939; x_wconf 72' lang='grc' dir='ltr'><em>πολλοὶ</em></span> 
     </span>
     <span class='ocr_line' id='line_1_28' title="bbox 382 2971 2276 3059; baseline -0.005 -17"><span class='ocrx_word' id='word_1_228' title='bbox 382 2978 680 3059; x_wconf 85' lang='grc' dir='ltr'><em>τραύματ</em></span> <span class='ocrx_word' id='word_1_229' title='bbox 682 2974 995 3059; x_wconf 70' lang='grc' dir='ltr'><em>ἐἰληφώς</em></span> <span class='ocrx_word' id='word_1_230' title='bbox 1021 2975 1285 3051; x_wconf 82' lang='grc' dir='ltr'><em>εἰκότως</em></span> <span class='ocrx_word' id='word_1_231' title='bbox 1301 2972 1454 3047; x_wconf 78' lang='grc' dir='ltr'><em>τοὺς</em></span> <span class='ocrx_word' id='word_1_232' title='bbox 1476 2971 1782 3054; x_wconf 88' lang='grc' dir='ltr'><em>ἀπείρους</em></span> <span class='ocrx_word' id='word_1_233' title='bbox 1805 2997 1937 3036; x_wconf 89' lang='grc' dir='ltr'><em>των</em></span> <span class='ocrx_word' id='word_1_234' title='bbox 1959 2971 2276 3034; x_wconf 89' lang='grc' dir='ltr'><em>τοιούτων</em></span> 
     </span>
    </p>
   </div>
   <div class='ocr_carea' id='block_1_7' title="bbox 180 3067 2275 3151">
    <p class='ocr_par' dir='ltr' id='par_1_7' title="bbox 72 3056 2275 3151">
     <span class='ocr_line' id='line_1_29' title="bbox 180 3067 2275 3151; baseline 0.01 -19.97"><span class='ocrx_word' id='word_1_235' title='bbox 180 3117 191 3133; x_wconf 72' lang='grc'><strong><em>.</em></strong></span> <span class='ocrx_word' id='word_1_236' title='bbox 251 3083 362 3140; x_wconf 66' lang='lat'><em>263</em></span> <span class='ocrx_word' id='word_1_237' title='bbox 382 3073 720 3140; x_wconf 85' lang='grc' dir='ltr'><em>κινδύνων</em></span> <span class='ocrx_word' id='word_1_238' title='bbox 745 3100 832 3149; x_wconf 89' lang='grc' dir='ltr'><em>ως</em></span> <span class='ocrx_word' id='word_1_239' title='bbox 859 3071 1114 3148; x_wconf 75' lang='grc' dir='ltr'><em>δειλους</em></span> <span class='ocrx_word' id='word_1_240' title='bbox 1149 3073 1485 3145; x_wconf 64' lang='grc' dir='ltr'><em>ὅκῶπτὲίς·</em></span> <span class='ocrx_word' id='word_1_241' title='bbox 1555 3067 1720 3133; x_wconf 63' lang='grc' dir='ltr'><em>ἄλλα</em></span> <span class='ocrx_word' id='word_1_242' title='bbox 1758 3094 1883 3151; x_wconf 65' lang='lat'><em>70⁶9</em></span> <span class='ocrx_word' id='word_1_243' title='bbox 1919 3069 2143 3147; x_wconf 62' lang='grc' dir='ltr'><em>παρεὶς</em></span> <span class='ocrx_word' id='word_1_244' title='bbox 2180 3091 2275 3129; x_wconf 66' lang='lat'><em>⁰³²²</em></span> 
     </span>
    </p>
   </div>
   <div class='ocr_carea' id='block_1_8' title="bbox 371 3163 2293 3548">
    <p class='ocr_par' dir='ltr' id='par_1_8' title="bbox 371 3163 2293 3548">
     <span class='ocr_line' id='line_1_30' title="bbox 378 3163 2293 3255; baseline -0.005 -19"><span class='ocrx_word' id='word_1_245' title='bbox 378 3170 501 3255; x_wconf 82' lang='grc' dir='ltr'><em>τήν</em></span> <span class='ocrx_word' id='word_1_246' title='bbox 523 3176 754 3235; x_wconf 88' lang='grc' dir='ltr'><em>πενίαν</em></span> <span class='ocrx_word' id='word_1_247' title='bbox 777 3167 1108 3235; x_wconf 80' lang='grc' dir='ltr'><em>αἰτιάσαιτ’</em></span> <span class='ocrx_word' id='word_1_248' title='bbox 1139 3168 1223 3234; x_wconf 89' lang='grc' dir='ltr'><em>άν</em></span> <span class='ocrx_word' id='word_1_249' title='bbox 1247 3193 1374 3251; x_wconf 89' lang='grc' dir='ltr'><em>τις,</em></span> <span class='ocrx_word' id='word_1_250' title='bbox 1404 3164 1568 3250; x_wconf 83' lang='grc' dir='ltr'><em>πρὸς</em></span> <span class='ocrx_word' id='word_1_251' title='bbox 1592 3164 1756 3230; x_wconf 81' lang='grc' dir='ltr'><em>αύτα</em></span> <span class='ocrx_word' id='word_1_252' title='bbox 1780 3163 1858 3229; x_wconf 78' lang='grc' dir='ltr'><em>τὰ</em></span> <span class='ocrx_word' id='word_1_253' title='bbox 1882 3173 2003 3230; x_wconf 77' lang='grc' dir='ltr'><em>τοῦ</em></span> <span class='ocrx_word' id='word_1_254' title='bbox 2022 3163 2293 3246; x_wconf 91' lang='grc' dir='ltr'><em>τρόπου·</em></span> 
     </span>
     <span class='ocr_line' id='line_1_31' title="bbox 379 3263 2273 3351; baseline -0.005 -18"><span class='ocrx_word' id='word_1_255' title='bbox 379 3288 504 3333; x_wconf 87' lang='grc' dir='ltr'><em>σου</em></span> <span class='ocrx_word' id='word_1_256' title='bbox 528 3271 884 3351; x_wconf 84' lang='grc' dir='ltr'><em>βαδιοῦμαι</em></span> <span class='ocrx_word' id='word_1_257' title='bbox 904 3267 1422 3349; x_wconf 82' lang='grc' dir='ltr'><em>κατηγορήματα.</em></span> <span class='ocrx_word' id='word_1_258' title='bbox 1466 3263 1776 3345; x_wconf 88' lang='grc' dir='ltr'><em>τοιαύτην</em></span> <span class='ocrx_word' id='word_1_259' title='bbox 1797 3264 1922 3347; x_wconf 79' lang='grc' dir='ltr'><em>γὰρ</em></span> <span class='ocrx_word' id='word_1_260' title='bbox 1948 3266 2126 3327; x_wconf 77' lang='grc' dir='ltr'><em>εἵλου</em></span> <span class='ocrx_word' id='word_1_261' title='bbox 2149 3282 2273 3325; x_wconf 90' lang='grc' dir='ltr'><em>πο-</em></span> 
     </span>
     <span class='ocr_line' id='line_1_32' title="bbox 375 3351 2268 3446; baseline -0.006 -16"><span class='ocrx_word' id='word_1_262' title='bbox 375 3371 641 3446; x_wconf 90' lang='grc' dir='ltr'><em>λιτείαν,</em></span> <span class='ocrx_word' id='word_1_263' title='bbox 667 3363 894 3446; x_wconf 81' lang='grc' dir='ltr'><em>ἐπειδή</em></span> <span class='ocrx_word' id='word_1_264' title='bbox 918 3387 1071 3428; x_wconf 89' lang='grc' dir='ltr'><em>ποτε</em></span> <span class='ocrx_word' id='word_1_265' title='bbox 1106 3364 1215 3427; x_wconf 84' lang='grc' dir='ltr'><em>καὶ</em></span> <span class='ocrx_word' id='word_1_266' title='bbox 1234 3358 1417 3426; x_wconf 81' lang='grc' dir='ltr'><em>τοῦτ’</em></span> <span class='ocrx_word' id='word_1_267' title='bbox 1445 3361 1696 3444; x_wconf 75' lang='grc' dir='ltr'><em>ἐπῆλθέ</em></span> <span class='ocrx_word' id='word_1_268' title='bbox 1713 3379 1818 3424; x_wconf 89' lang='grc' dir='ltr'><em>σοι</em></span> <span class='ocrx_word' id='word_1_269' title='bbox 1852 3365 2151 3438; x_wconf 88' lang='grc' dir='ltr'><em>ποιῆσαι,</em></span> <span class='ocrx_word' id='word_1_270' title='bbox 2192 3351 2268 3418; x_wconf 87' lang='grc' dir='ltr'><em>δι’</em></span> 
     </span>
     <span class='ocr_line' id='line_1_33' title="bbox 371 3449 2273 3548; baseline -0.005 -21"><span class='ocrx_word' id='word_1_271' title='bbox 371 3458 460 3548; x_wconf 69' lang='grc' dir='ltr'><em>ἢν</em></span> <span class='ocrx_word' id='word_1_272' title='bbox 484 3457 884 3544; x_wconf 71' lang='grc' dir='ltr'><em>εὐτυχούσης</em></span> <span class='ocrx_word' id='word_1_273' title='bbox 905 3461 1027 3540; x_wconf 73' lang='grc' dir='ltr'><em>μὲν</em></span> <span class='ocrx_word' id='word_1_274' title='bbox 1049 3467 1160 3541; x_wconf 88' lang='grc' dir='ltr'><em>τῆς</em></span> <span class='ocrx_word' id='word_1_275' title='bbox 1184 3462 1491 3536; x_wconf 89' lang='grc' dir='ltr'><em>πατρίδος</em></span> <span class='ocrx_word' id='word_1_276' title='bbox 1506 3453 1683 3537; x_wconf 73' lang='grc' dir='ltr'><em>λαγώ</em></span> <span class='ocrx_word' id='word_1_277' title='bbox 1706 3459 1857 3539; x_wconf 88' lang='grc' dir='ltr'><em>βίον</em></span> <span class='ocrx_word' id='word_1_278' title='bbox 1883 3457 2021 3536; x_wconf 79' lang='grc' dir='ltr'><em>ἔζης</em></span> <span class='ocrx_word' id='word_1_279' title='bbox 2046 3449 2273 3528; x_wconf 75' lang='grc' dir='ltr'><em>δεδιώς</em></span> 
     </span>
    </p>
   </div>
  </div>
 </body>
</html>
