2622 4065
472 264 594 326 298
906 271 1048 327 XIX.
1125 271 1961 339 ΛΗΖᾺΟΣΘΕΝΟΤΣ

471 423 685 493 ὅντιν’
726 426 811 495 ἂν
844 428 1030 513 ὑμεῖς
1063 435 1154 507 εἰς
1184 431 1436 520 ταύτην
1458 433 1581 517 τὴν
1602 437 1788 513 τάξιν
1811 442 2248 527 κατεστήσατε
2270 451 2377 514 καὶ

468 532 607 591 τῶν
632 526 1034 613 συμβάντων
1057 553 1312 609 καιρων
1335 532 1681 615 ἐποιήσατε
1705 536 1974 621 κύριον,
2016 542 2245 627 οὗτος,
2285 555 2377 611 εἷ’-

470 649 594 709 περ
616 624 851 710 [ὥσπερ
867 618 1077 708 οὗτος]
1099 631 1432 715 ἐβουλήθη
1458 634 1801 713 μισθώσας
1824 635 2030 705 αὑτὸν
2052 643 2380 719 ἐξαπατᾶν

469 719 642 806 υμᾶς
686 725 793 789 καὶ
839 730 1247 808 φενακίζειν,
1292 753 1429 792 των
1469 738 1632 795 ἴσων
1668 738 1873 811 αἴτιος
1906 729 1994 820 ἦν
2029 734 2115 804 ὂίν
2153 766 2379 807 κακων

380 838 451 893 30
470 817 774 903 ὅσωνπερ
811 825 920 888 και
958 825 1180 901 οὗτος·
1231 823 1311 890 ού
1344 823 1471 908 γὰρ
1510 834 1568 893 εί
1599 829 1878 911 φαύλοις
1910 835 2151 918 χρῆσθ’
2192 834 2380 921 ὑμεῖς

464 922 555 993 είς
597 945 679 983 τα
724 919 915 985 κοινὰ
964 922 1278 998 πολλακις
1323 921 1738 1011 ανθρώποις,
1784 932 1892 996 και
1926 957 2004 996 τα
2041 931 2373 1016 πραγματ’

464 1017 601 1081 ἐστὶ
625 1025 851 1100 φαυλα
883 1045 977 1084 ων
998 1016 1037 1102 ἡ
1067 1020 1255 1096 πόλις
1281 1020 1572 1099 αξιοῦται
1596 1049 1772 1107 παρα
1795 1042 1931 1104 τοῖς
1954 1027 2194 1113 α’λλοις,
2220 1030 2375 1097 οὐδὲ

462 1122 719 1180 πολλοῦ
741 1121 854 1181 δεῖ.
901 1115 1035 1182 εἶτα
1060 1122 1167 1183 καὶ
1184 1122 1453 1197 Φωκέας
1477 1120 1852 1189 απολωλεκε
1874 1128 2015 1209 μὲν,
2033 1126 2228 1209 οἶμαι,
2253 1135 2376 1193 Φί-

459 1219 730 1299 λιππος,
780 1224 1321 1300 συνηγωνίσαντο
1361 1221 1432 1283 δὲ
1466 1244 1681 1285 ουτοι·
1732 1229 1927 1289 τοῦτο
1966 1223 2044 1307 δὴ
2087 1229 2188 1290 δεῖ
2216 1246 2376 1290 σκο-

459 1323 610 1375 πεῖν
645 1308 819 1377 καὶ
792 1338 991 1412 ορᾱαν,
1045 1320 1103 1379 εἰ
1136 1312 1259 1379 όσα
1293 1324 1408 1399 τῆς
1432 1321 1724 1384 Φωκέων
1762 1328 2081 1404 σωτηρίας
2115 1324 2217 1388 ἐπι
2250 1320 2381 1407 τὴν

459 1413 878 1491 πρεσβείαν
842 1436 994 1494 ηκε,
1019 1411 1222 1478 ταῦθ’
1250 1411 1491 1479 ἅπαντ’
1520 1412 1871 1484 απιόλεσαν
1896 1444 2082 1486 ουτοι
2106 1424 2213 1486 καὶ
2239 1426 2371 1486 διέ-

459 1514 758 1586 φθειραν
794 1506 1087 1591 ἑκόντες,
1138 1536 1260 1593 ουχ
1299 1538 1388 1588 ως
1422 1511 1536 1578 ὅδε
1561 1521 1832 1593 Φωκέας
1868 1516 2167 1583 απωλεσε
2203 1519 2369 1584 καθ’

455 1602 714 1668 ἑαυτόν.
765 1603 1009 1680 πόθεν;

368 1730 437 1781 31
621 1697 763 1775 Δὸς
789 1703 863 1764 δέ
881 1726 990 1783 μοι
1012 1700 1084 1767 τὸ
1107 1704 1576 1789 προβούλευμα
1596 1705 1635 1772 ὂ
1652 1707 1814 1788 πρὸς
1831 1708 1954 1792 τὴν
1973 1711 2135 1795 ἐμὴν
2157 1712 2369 1796 ἄπαγ-

453 1803 682 1878 γελίαν
708 1798 1071 1881 ἐψηφίσαθ’
1096 1798 1137 1883 ἡ
1165 1800 1406 1885 βουλὴ,
1432 1805 1541 1868 καὶ
1562 1803 1686 1888 τὴν
1708 1811 2077 1890 μαρτυρίαν
2103 1807 2225 1891 τήν
2244 1818 2369 1875 τοῦ

454 1894 839 1978 γράψαντος
876 1894 1036 1963 αὐτὸ
1076 1898 1257 1982 τότε,
1304 1898 1395 1965 ἵν’
1439 1901 1657 1986 εἰδῆθ’
1701 1900 1801 1969 ὅτι
1824 1904 1948 1987 ἐγω
1974 1905 2093 1988 μὲν
2118 1905 2199 1971 ού
2219 1907 2367 1973 τότε

453 1993 728 2078 σιγήσας
754 2003 884 2061 νῦν
909 1994 1272 2081 ἀφίσταμαι
1296 2005 1430 2065 τῶν
1451 2006 1951 2086 πεπραγμένων,
1978 2001 2127 2069 ἀλλ’
2156 2002 2370 2083 εὐθὺς

450 2093 873 2177 κατηγόρουν
894 2096 1004 2160 καὶ
1025 2098 1388 2181 προεώρων
1413 2098 1493 2164 τὰ
1518 2103 1839 2184 μέλλοντα
1857 2154 1873 2186 ,
1923 2099 1964 2186 ἡ
1993 2104 2202 2188 βουλὴ
2231 2105 2361 2191 δὲὴ

451 2191 539 2275 μὴ
566 2201 947 2258 κωλυθεῖσα
972 2192 1254 2261 ακοῦσαι
1275 2194 1536 2282 τάληθῆ
1559 2198 1704 2281 παρ’
1734 2203 1897 2282 ἐμοῦ
1920 2198 2053 2266 ούτ’
2085 2202 2364 2286 ἐπῄνεσε

448 2289 727 2366 τούτους
752 2291 902 2356 οὔτ’
930 2298 1021 2367 εἰς
1041 2293 1112 2359 τὸ
1137 2309 1539 2375 πρυτανεῖον
1565 2294 1799 2377 ηξίωσε
1822 2301 2105 2361 καλέσαι.
2153 2305 2365 2363 καίτοι

448 2386 630 2452 τουτ’
641 2386 827 2472 ,’ἀφ
870 2391 952 2454 οὐ
988 2395 1263 2472 γέγονεν
1301 2388 1341 2474 ἡ
1368 2389 1584 2474 πόλις,
1639 2388 1857 2468 ουδεις
1879 2416 2141 2459 πωποτε
2165 2395 2363 2477 φήσει

448 2494 698 2550 παθεῖν
724 2483 1007 2562 οὐδένας
1033 2490 1366 2572 πρέσβεις,
1395 2486 1549 2554 ουδὲ
1582 2489 1993 2575 Τιμαγόραν,
2033 2517 2112 2555 ου
2136 2492 2359 2557 θανα-

445 2607 565 2648 τον
587 2584 1210 2668 κατεχειροτόνησεν
1232 2583 1265 2652 ὁ
1294 2590 1517 2670 δῆμος.
1557 2585 1688 2652 αλλ’
1716 2588 1897 2654 οὑτοι
1918 2590 2356 2657 πεπόνθασιν.

354 2704 424 2757 32
616 2685 785 2763 Λέγε
826 2678 884 2746 δ
924 2679 1147 2759 αυτοῖς
1181 2693 1445 2767 πρῶτον
1484 2687 1604 2768 μὲν
1627 2712 1749 2769 την
1770 2694 2170 2772 μαρτυρίαν,
2222 2686 2357 2753 εἶτα

446 2777 520 2844 τὸ
547 2780 1035 2863 προβούλευμα.

782 2949 1265 3021 MAPTYPIA.
1338 2953 2027 3014 HPOBOTAEYMA.
2376 2969 2478 3024 351

609 3068 918 3137 Ἐνταυθ’
960 3071 1104 3137 οὔτ’
1145 3078 1412 3151 ε’παινος
1449 3074 1603 3141 ούτε
1635 3083 1863 3160 κλησις
1889 3083 1978 3153 εἰς
2000 3075 2071 3142 τὸ
2100 3100 2356 3162 πρυτα-

437 3170 625 3238 νεῑόν
646 3174 783 3238 ἐστι
802 3199 939 3238 των
964 3175 1305 3260 πρέσβεων
1328 3174 1457 3243 υπό
1481 3186 1594 3262 τῆς
1616 3185 1878 3263 βουλης
1948 3186 2008 3245 εί
2039 3181 2116 3245 δέ
2148 3200 2354 3264 φησιν

435 3297 666 3353 ουτος,
716 3272 987 3351 δειξάτω
1032 3277 1138 3339 καὶ
1183 3278 1659 3360 παρασχέσθω,
1724 3303 1906 3359 καγω
1951 3284 2345 3362 καταβαινω.

432 3368 580 3435 ἀλλ’
608 3396 734 3436 ουκ
759 3376 954 3438 ἔστιν.
1018 3380 1077 3438 εἰ
1095 3400 1217 3456 μεν
1238 3380 1470 3441 τοίνυν
1493 3371 1701 3440 ταύτα
1727 3400 1963 3452 παντες
1988 3374 2351 3460 επρεσβεύ-ῃ

430 3494 614 3554 ομεν,
647 3474 914 3549 δικαίως
939 3472 1180 3538 οὐδένα
1209 3471 1588 3560 ἐπῄνεσενὴ
1614 3473 1854 3559 βουλή·
1906 3471 2089 3538 δεινὰ
2110 3471 2240 3557 γαρ
2263 3472 2340 3537 τὰ
