2622 4065
698 286 955 354 ΠΕΡΙ
996 291 1196 350 Tor
1232 269 1844 347 ΣΤΕΦΛΝο-ν.
1918 281 1923 287 ‘
2104 271 2231 335 231

317 471 459 543 λον,
496 456 542 543 ἦ
568 483 656 533 ως
681 452 716 539 ἡ
737 453 948 538 μήτηρ
974 471 1096 514 σου
1118 460 1252 522 τοῖς
1287 452 1763 528 μεθημερινοῖς
1785 436 2021 521 γάμοις
2043 437 2115 501 ἐν
2134 441 2231 523 τῷ

317 565 580 643 κλεισίω
606 561 698 641 τῷ
722 548 884 636 πρὸς
906 555 996 637 τῷ
1019 553 1340 629 καλαμίτῃ
1364 540 1540 626 ἥρωι·
1552 541 1855 623 χρωμένη
1880 532 1998 601 τὸν
2021 533 2231 599 καλὸν

324 653 683 742 ἀνδριάντα
710 653 817 716 καὶ
848 641 1360 733 τριταγωνιστὴν
1389 640 1623 763 άκρον
1624 637 1942 715 ἐξέθρεψέ
1963 652 2065 710 σε;
2111 630 2231 697 άλ-

325 757 408 822 λα
434 754 668 827 πάντες
706 760 882 816 ἴσασι
916 753 1157 828 ταῦτα,
1210 740 1340 807 κᾶν
1377 738 1502 820 ἐγώ
1543 733 1627 820 μὴ
1658 737 1845 815 λέγω.
1915 730 2053 796 άλλ
2083 728 2171 807 οἱς
2195 727 2229 795 ὁ

325 852 719 940 τριηραύλης
749 853 1094 930 Φορμίων,
1150 839 1183 907 ὁ
1210 845 1476 912 Δίωνος
1510 841 1629 901 τοῦ
1655 835 2033 915 Φρεαρρίου
2067 835 2232 896 δοῦ-

325 962 455 1035 λος,
482 949 839 1032 άνέστησεν
864 942 1074 1026 αὐτὴν
1098 937 1226 1005 ἀπὸ
1255 937 1498 1017 ταύτης
1533 941 1643 1015 τῆς
1667 939 1871 1013 καλῆς
1894 934 2230 1053 {67660'633

200 1314 202 1316 ,
240 1265 307 1317 30
328 1249 414 1322 ξω
438 1243 866 1327 προῃρῆσθαι
885 1237 1139 1320 λόγους.
1194 1240 1398 1298 ταῦτα
1423 1258 1543 1314 μεν
1567 1223 1694 1295 οὖν
1717 1226 1922 1307 ἐάσω,
1971 1220 2076 1288 ἀπ’
2108 1221 2238 1287 αὐ-

326 1349 462 1408 τῶν
503 1339 573 1405 δε
615 1341 707 1403 ὡν
748 1334 945 1411 αὐτὸς
1005 1344 1323 1421 βεβίωκεν
1384 1329 1692 1411 ἄρξομαι·
1763 1323 1921 1390 οὐδε
1964 1350 2090 1407 γαρ
2139 1313 2236 1386 ὠν

326 1446 553 1523 ἔτυχεν
574 1442 679 1521 ἠν,
697 1435 831 1501 ἀλλ’
850 1430 946 1509 οἷς
969 1430 1002 1498 ὅ
1032 1437 1232 1514 δῆμος
1254 1434 1630 1510 καταρᾶται.
1677 1423 1798 1502 ὀψε
1821 1421 1948 1504 γάρ
1970 1445 2234 1500 ποτε-,
2251 1470 2253 1473 s

332 1537 450 1617 ὀψε
474 1542 669 1620 λέγω·
656 1586 670 1615 ,
719 1533 876 1618 χθες
913 1559 1030 1615 μεν
1068 1534 1197 1594 οὐν
1219 1530 1330 1592 καὶ
1352 1525 1588 1607 πρώην
1613 1519 1715 1606 ἅμ’
1749 1520 2102 1604 Ἀθηναιος
2125 1519 2236 1581 καὶ

334 1636 551 1721 ρήτωρ
582 1637 846 1716 γέγονε,
893 1632 1002 1695 καὶ
1045 1627 1163 1692 δύο
1217 1621 1553 1707 συλλαβάς
1592 1621 1912 1704 προσθεὶς
1955 1616 2078 1683 τὸν
2112 1615 2237 1700 μὲν

276 1748 294 1754 ’“
331 1735 578 1813 πατέρα
615 1729 760 1796 άντὶ
804 1729 1139 1812 Τρόμητος
1178 1728 1483 1806 ἐποίησεν
1517 1719 1950 1802 Ἀτρόμητον,
1995 1713 2119 1798 τὴν
2164 1717 2237 1778 δὲ
2311 1735 2313 1737 ·

327 1833 570 1915 μητέρα
606 1836 857 1911 σεμνῶς
893 1826 1071 1889 πάνυ
1106 1822 1544 1889 Γλαυκοθέαν
1585 1815 1954 1898 ωνόμασεν,
1978 1840 2063 1896 ην
2075 1813 2237 1895 Ἐμ-

330 1946 590 2007 πουσαν
611 1924 893 1999 άπαντες
916 1933 1092 1987 ἴσασι
1116 1920 1569 2001 καλουμένην,
1605 1919 1673 1979 ἐκ
1699 1922 1821 1978 τοῦ
1846 1912 2061 1977 πάντα
2085 1934 2237 1975 ποι-

89 2079 93 2082 »
328 2041 425 2092 εἴν
444 2026 553 2092 καὶ
577 2025 852 2106 πάσχειν
877 2020 1185 2105 δηλονότι
1198 2018 1436 2101 ταύτης
1459 2043 1572 2101 της
1595 2017 1972 2096 ἐπωνυμίας
1995 2017 2241 2096 τυχοῦ-

111 2130 118 2132 ’
208 2144 307 2194 131
329 2147 485 2190 σαν
555 2122 770 2187 πόθεν
806 2147 931 2203 γαρ
974 2119 1297 2194 άλλοθεν;
1356 2112 1489 2178 ἀλλ’
1536 2112 1715 2196 ὅμως
1753 2110 1965 2186 οὕτως
2001 2107 2232 2191 άχάρι-

201 2237 212 2242 ’
336 2243 485 2297 στος
515 2230 568 2285 ει
592 2223 702 2290 καὶ
729 2216 1019 2302 πονηρὸς
1059 2217 1258 2299 φύσει
1282 2210 1436 2278 ώστ’
1465 2211 1821 2294 ἐλεύθερος
1865 2235 1936 2273 εκ
1985 2207 2237 2272 δούλου

331 2323 440 2386 καὶ
463 2318 822 2394 πλούσιος’
792 2345 860 2382 εκ
877 2323 1137 2398 πτωχοῦ
1154 2312 1258 2378 διὰ
1283 2312 1590 2376 τουτουσὶ
1607 2334 1900 2391 γεγονως
1920 2331 2040 2388 ουχ
2060 2303 2241 2380 όπως
2257 2319 2363 2372 271

332 2418 523 2502 χάριν
550 2417 772 2493 αὐτοῖς
796 2422 974 2499 ε’χεις,
1014 2411 1178 2478 ἄλλα
1218 2409 1563 2494 μισθώσας
1599 2405 1850 2471 σαυτὸν
1872 2430 2039 2470 κατα
2077 2428 2270 2470 του-

330 2518 488 2580 τωνὶ
511 2514 859 2578 πολιτεύει.
890 2514 998 2576 καὶ
1020 2512 1167 2594 περὶ
1198 2537 1292 2573 ων
1318 2534 1438 2590 μεν
1458 2508 1594 2570 ἔστι
1616 2531 1710 2579 τις
1733 2501 2243 2624 ἀμφισβήτησις,

333 2640 418 2688 ως
445 2611 571 2694 άρα
597 2636 759 2689 υπερ
785 2618 897 2692 τῆς
920 2609 1173 2681 πόλεως
1193 2616 1472 2687 εἴρηκεν,
1501 2603 1705 2665 εάσω
1752 2628 1793 2663 α
1823 2598 1881 2663 δ’
1912 2598 2080 2682 υπερ
2105 2624 2244 2662 των

258 2729 266 2732 “
330 2713 590 2793 ἐχθρων
645 2714 950 2790 φανερῶς
992 2704 1352 2786 ἀπεδείχθη
1411 2700 1755 2782 πράττων,
1802 2704 2009 2761 ταῦτα
2070 2694 2241 2759 άνα-

328 2828 574 2892 μνησω.

215 2928 312 2979 132
508 2912 619 2980 Τίς
652 2899 779 2986 γάρ
816 2898 1004 2984 ὑμων
1041 2897 1164 2964 οὐκ
1202 2896 1337 2963 οἶδε
1364 2901 1482 2962 τόν
1518 2896 2077 2978 αποψηφισθέντα
2093 2888 2247 2955 Ἀν-

334 3010 663 3085 τιφῶντα,
704 2998 775 3076 ὃς
811 2997 1364 3080 ἐπαγγειλάμενος
1399 3003 1704 3080 Φιλίππω
1747 3020 1823 3057 τα
1861 2992 2103 3071 νεώρια
2129 2994 2245 3073 ἐμ·-

337 3101 614 3183 πρήσειν
650 3105 740 3174 εἰς
774 3096 894 3180 τὴν
930 3097 1125 3163 πόλιν
1162 3088 1408 3178 ἧλθεν;
1456 3091 1534 3159 ὃν
1571 3060 1894 3175 λαβόντος
1930 3094 2092 3171 ἐμοῦ
2133 3114 2249 3154 κε*

338 3200 720 3282 κρυμμένον
761 3200 832 3261 ἐν
854 3202 1158 3277 Πειραιεῖ
1171 3194 1278 3258 καὶ
1317 3190 1851 3274 καταστήσαντος
1876 3193 1967 3264 εἰς
1992 3183 2117 3270 τὴν
2137 3189 2248 3251 ἐκ-

338 3304 613 3381 κλησίαν
635 3292 869 3379 βοων
841 3320 874 3358 ο
906 3293 1240 3378 βάσκανος
1265 3293 1460 3367 οὐτος
1497 3290 1609 3355 καὶ
1641 3310 2029 3370 κεκραγως,
2065 3311 2152 3359 ως
2175 3286 2249 3348 ἐν

339 3401 738 3481 δημοκρατία
765 3391 946 3457 δεινά
984 3417 1149 3459 ποιω
1176 3389 1334 3467 τοὺς
1371 3388 1779 3474 η’τυχηκότας
1800 3413 1934 3451 των
1957 3389 2251 3450 πολιτῶν

336 3493 621 3580 υβρίζων
646 3493 752 3558 καὶ
778 3490 866 3557 ἐπ’
898 3498 1101 3567 οἰκίας
1122 3487 1458 3574 βαδίζων
1429 3490 1593 3553 άνευ
1619 3490 2052 3570 ψηφίσματος,
2077 3478 2252 3563 άφε-
2347 3519 2353 3524 ‹
2432 3479 2434 3481 ’
