2622 4065
381 348 504 408 206
782 349 973 403 xvm.
1050 322 1881 401 ΑΗΜοΣοΕΝοωΣ

379 505 452 576 ἐκ
489 535 626 574 των
661 506 921 572 πόλεων
956 504 1057 567 ἐπὶ
1093 509 1172 585 τῇ
1204 507 1318 582 τῆς
1342 500 1607 583 εἰρήνης
1630 502 1892 587 ἐξουσίᾳ
1916 506 2289 585 βαδίζοντες

379 608 590 674 ἐκεῖσε
636 608 1130 688 διεφθείροντο,
1180 600 1275 663 ὠν
1320 604 1409 674 εἰς
1457 601 1651 676 οὗτος
1685 592 1805 684 ἦν,
1849 600 1996 667 τότε
2026 602 2288 683 πάντες,

293 741 295 743 ·
378 705 485 791 ἐφ’
531 730 648 780 ους
696 708 901 767 ταῦτα
947 693 1449 781 παρεσκευάζετ
1499 699 1776 781 ἐκεῖνος,
1824 701 2287 782 ἐπολεμοῦντο.

381 813 441 872 εἰ
462 809 533 871 δὲ
557 803 643 887 μὴ
668 798 1089 888 ησθάνοντο,
1137 797 1356 877 ἕτερος
1380 794 1573 876 λόγος
1599 798 1821 878 οὖτος,
1869 795 1949 860 ού
1973 794 2137 880 πρὸς
2159 798 2288 878 ἐμέ.

286 917 357 967 45
382 901 508 987 ἐγώ
545 905 666 986 μὲν
701 923 830 982 γαρ
868 894 1243 978 προύλεγον
1278 894 1388 958 καὶ
1425 892 1952 977 διεμαρτυρόμην
1985 897 2092 959 καὶ
2129 892 2287 975 παρ’

381 1001 545 1086 ὑμῖν
590 997 691 1064 ἀεὶ
735 997 845 1061 καὶ
892 993 1045 1059 ὅποι
1090 996 1498 1074 πεμφθείην·
1547 995 1615 1054 αἱ
1652 988 1720 1054 δὲ
1754 989 1974 1067 πόλεις
2009 989 2293 1055 ἐνόσουν

381 1107 517 1165 τοῖν
542 1098 663 1182 μὲν
686 1099 759 1161 ἐν
774 1102 867 1178 τῷ
887 1090 1351 1158 πολιτεύεσθαι.
1369 1092 1477 1153 καὶ
1497 1088 1807 1171 πράττειν
1826 1089 2295 1173 δωροδοκούν-

381 1224 517 1263 των
539 1197 650 1261 καὶ
675 1192 1254 1275 διαφθειρομένων
1279 1190 1381 1252 ἐπὶ
1405 1186 1687 1270 χρήμασι
1704 1237 1720 1268 ,
1758 1194 1893 1250 τῶν
1920 1188 1989 1251 δὲ
2014 1191 2293 1250 ἰδιωτῶν
2312 1194 2407 1246 24]

381 1297 492 1361 καὶ
530 1300 795 1358 πολλῶν
829 1288 908 1354 τὰ
945 1314 1065 1371 μεν
1104 1284 1184 1351 οὐ
1218 1289 1737 1368 προορωμένων,
1784 1282 1862 1348 τα
1902 1285 1971 1347 δε
2006 1291 2086 1366 τῇ
2129 1280 2290 1347 καθ’

379 1392 635 1478 ημέραν
672 1388 975 1476 ῥᾳστώνῃ
1009 1413 1117 1451 και
1154 1392 1354 1469 σχολῇ
1381 1386 1892 1465 δελεαζομένων,
1938 1383 2048 1446 καὶ
2070 1406 2295 1446 τοιου-

379 1498 529 1558 τονί
557 1516 620 1555 τι
653 1487 871 1562 πάθος
914 1482 1356 1549 πεπονθότων
1402 1480 1747 1562 ἁπάντων,
1796 1477 1970 1562 πλὴν
2014 1476 2138 1543 οὐκ
2183 1475 2288 1560 ἐφ’

382 1586 663 1665 εαυτοῦς
688 1587 985 1653 ἑκάστων
1011 1585 1332 1666 οἰομένων
1353 1578 1425 1644 τὸ
1469 1576 1689 1644 δεινὸν
1721 1575 1933 1660 ἥξειν,
1984 1574 2149 1640 αλλὰ
2186 1573 2293 1640 διὰ

248 1757 258 1763 ,
379 1694 518 1753 τῶν
567 1689 807 1770 ἑτέρων
850 1680 1190 1748 κινδύνων
1233 1680 1309 1744 τὰ
1362 1682 1615 1744 ἑαυτῶν
1653 1674 1966 1759 ἀσφαλῶς
2003 1675 2291 1758 σχήσειν,

287 1796 362 1847 46
381 1784 544 1852 ὅταν
578 1784 970 1869 βούλωνται.
1043 1778 1158 1844 εἶτ’
1200 1777 1378 1904 οἶμαι
1416 1780 1787 1860 συμβέβηκε
1823 1789 1956 1851 τοῖς
1980 1776 2099 1857 μὲν
2123 1772 2297 1854 πλή-

379 1894 578 1949 θεσιν
601 1881 746 1948 ἀντὶ
769 1889 883 1965 τῆς
908 1885 1152 1960 πολλῆς
1178 1878 1285 1942 καὶ
1308 1874 1586 1956 ακαίρου
1611 1877 1942 1959 ῥᾳθυμίας
1965 1870 2084 1954 τὴν
2107 1873 2295 1935 ἐλευ-

379 1987 624 2066 θερίαν
648 1979 1165 2059 απολωλεκέναι,
1211 1989 1345 2051 τοῖς
1381 1974 1450 2040 δὲ
1487 1972 1923 2056 προεστηκόσι
1955 1997 2065 2036 και
2087 1968 2296 2034 ταλλα

382 2077 560 2164 πλὴν
599 2104 877 2153 εαυτους
914 2077 1236 2159 οἰομένοις
1273 2083 1518 2138 πωλειν
1553 2071 1855 2153 πρώτους
1878 2064 2152 2141 ἑαυτους
2176 2089 2294 2129 πε-·

368 2176 714 2293 πρακόσιν
759 2177 1151 2240 αἰσθεκσθαι
1197 2169 1344 2236 αντὶ
1388 2197 1513 2252 γαρ
1560 2176 1774 2252 φίλων
1817 2169 1927 2233 καὶ
1974 2171 2208 2245 ξένων,
2253 2160 2296 2229 ὁὶ

379 2276 528 2343 τότε
574 2272 1026 2356 ωνομάζοντο,
1077 2268 1272 2351 ἡνίκα
1316 2267 1807 2351 ἐδωροδόκουν,
1852 2292 1982 2328 νυν
2019 2263 2296 2338 κόλακες

382 2374 495 2439 καὶ
527 2381 713 2445 θεοῖς
750 2369 978 2451 ἐχθροὶ
1013 2368 1123 2430 καὶ
1145 2363 1328 2429 τᾶλλ’
1373 2391 1414 2428 α
1440 2364 1760 2447 προσήκει
1782 2359 1973 2426 παντ’
2000 2359 2296 2424 ακούου-

295 2486 365 2540 47
387 2490 512 2537 σιν.
563 2466 862 2542 εἰκότως·
912 2462 1127 2539 ουδεὶς
1149 2488 1275 2545 γαρ
1291 2513 1308 2544 ,
1352 2489 1400 2525 ω
1379 2455 1665 2542 ἄνδρες
1683 2457 2049 2541 Ἀθηναῖοι,
2075 2455 2147 2521 τὸ
2175 2463 2295 2521 τοῦ

384 2567 821 2652 προδιδόντος
846 2566 1194 2649 συμφέρον
1217 2568 1425 2644 ζητων
1446 2554 1724 2642 χρήματ’
1756 2556 2114 2638 ἀναλίσκει,
2142 2551 2289 2620 οὐδ’

381 2665 653 2737 επειδαν
695 2692 792 2731 ων
827 2692 913 2730 αν
951 2668 1217 2745 πριηται
1253 2659 1486 2742 κύριος
1520 2662 1824 2740 γένηται,
1865 2681 1955 2719 τω
2001 2652 2294 2737 προδότῃ

385 2764 748 2851 συμβούλῳ
789 2763 937 2843 περὶ
971 2786 1105 2825 των
1142 2765 1395 2823 λοιπων
1420 2761 1510 2819 ἔτι
1533 2762 1792 2838 χρῆται·
1838 2751 2036 2818 οὐδὲν
2059 2777 2186 2834 γαρ
2210 2745 2295 2815 α“ν

291 2903 307 2908 ε
383 2868 471 2948 ῆν
507 2859 1103 2943 εὐδαιμονέστερον
1139 2854 1492 2940 προδότου.
1562 2849 1704 2917 αλλ’
1744 2849 1867 2916 οὐκ
1903 2856 2035 2915 ἔστι
2057 2857 2293 2914 ταῦτα·

383 2961 637 3038 πόθεν;
683 2963 940 3024 πολλοῦ
961 2981 1035 3038 γε
1057 2957 1167 3019 καὶ
1192 2958 1305 3019 δει.
1367 2949 1514 3019 αλλ’
1546 2950 1810 3016 ἐπειδαν
1832 2977 1966 3015 των
1990 2973 2295 3031 πραγμα-

332 3136 336 3141 *
383 3085 521 3127 των
545 3053 867 3142 ἐγκρατὴς
891 3051 924 3120 6
955 3051 1217 3137 §mxc-512³
1189 3053 1415 3135 α’ρχειν
1438 3056 1723 3134 καταστῇ
1739 3100 1756 3133 ,
1803 3075 1910 3113 και
1933 3072 2068 3111 των
2088 3052 2295 3111 ταῦτα

386 3157 825 3242 αποδομένων
873 3153 1191 3237 δεσπότης
1236 3153 1404 3235 ἐστὶ,
1462 3148 1586 3234 τὴν
1631 3149 1700 3214 δε
1742 3156 2066 3230 πονηρίαν
2109 3140 2296 3218 εἰδως

383 3260 532 3326 τότε
573 3255 689 3342 δη,
734 3255 882 3322 τότε
917 3255 1029 3320 καὶ
1063 3266 1242 3337 μισεῖ
1267 3253 1378 3316 καὶ
1400 3248 1661 3315 απιστει
1680 3248 1789 3313 καὶ
1814 3247 2294 3329 προπηλακίζει.

291 3377 370 3429 48
387 3371 691 3426 σκοπεῖτε
727 3359 827 3422 δέ·
875 3355 986 3420 καὶ
1018 3377 1147 3437 γαρ
1186 3357 1242 3417 εἰ
1279 3350 1745 3435 παρεληλυθεν
1768 3341 1800 3410 6
1830 3369 1966 3408 των
1987 3365 2295 3424 πραγμα-

385 3484 520 3523 των
563 3453 828 3539 καιρὸς,
876 3451 909 3518 6
936 3458 1057 3518 τοῦ
1101 3477 1175 3534 γε
1219 3451 1460 3517 εἰδέναι
1501 3474 1580 3513 τα
1627 3452 1897 3512 τοιαῦτα
1935 3440 2164 3525 καιρὸς
2198 3437 2297 3503 ἀεὶ

386 3578 661 3638 παρεστι
704 3567 841 3630 τοῖς
885 3544 963 3618 εὖ
1005 3576 1164 3637 φροτ
1172 3570 1354 3616 ουσι
1431 3549 1617 3633 μέχρι
1658 3543 1903 3611 τούτου
1948 3543 2298 3621 Λασθένης
