2622 4065
266 290 405 353 2353
707 296 848 351 xlx.
920 245 1765 352 ΛΗΜΟΣΘΕΝΟΤΣ

590 449 816 554 ἆρχαῖς
822 480 881 516 τε
905 481 1004 516 και
1028 451 1294 532 νόμοισιν
1321 447 1586 551 εντριβὴς
1610 460 1791 550 φανῇ.

591 540 717 639 ἐμοὶ
748 534 869 636 γαρ
884 534 1036 609 όστις
1057 543 1256 596 πᾶσαν
1280 530 1560 596 ευθύνων
1582 532 1755 596 πόλιν

589 616 670 721 μὴ
691 628 807 680 τῶν
836 615 1089 698 ἀρίστων
1113 615 1351 680 ἅπτεται
1374 614 1812 724 βουλευματων,

593 698 709 764 ἆλλ
740 704 802 762 ἐκ
827 703 1017 782 φόβου
1041 726 1143 763 του
1167 709 1437 783 γλῶσσαν
1462 703 1800 780 ἐγκλείσας
1781 704 1908 780 ε’χει,

593 804 865 857 κακιστος
890 794 1044 846 εἶναι
1066 792 1178 847 νῦν
1204 810 1262 846 τε
1286 787 1386 846 καὶ
1408 786 1592 845 πάλαι
1620 789 1804 844 δοκεῖ·

591 871 691 931 καὶ
715 864 920 947 μείζον
950 865 1107 940 όστις
1136 864 1266 928 ἀντὶ
1291 876 1393 968 τῆς
1418 863 1598 928 αυτοῦ
1622 863 1847 950 πάτρας

591 958 766 1059 φίλον
785 956 1022 1051 νομίζει,
1049 976 1254 1012 τουτον
1280 946 1542 1050 ουὸαμοῦ
1568 952 1729 1048 λέγω.

593 1030 705 1137 ἐγω
731 1030 865 1135 γὰρ,
892 1039 1029 1095 ἴστω
1058 1030 1202 1106 Ζευς
1229 1030 1259 1094 ὃ
1282 1028 1466 1093 noiv’&
1496 1029 1650 1112 ὁρῶν
1677 1028 1785 1111 ἀεὶ,

592 1112 705 1180 ούτ’
734 1145 811 1179 αν
837 1114 1208 1216 σιωπήσαιμι
1220 1112 1329 1194 τὴν
1352 1113 1499 1194 ἄτην
1523 1113 1680 1196 ορῶν

593 1205 931 1303 στείχουσαν
956 1194 1149 1270 ἆστοῑς
1177 1224 1306 1259 αντι
1329 1206 1430 1277 τῆς
1458 1202 1759 1278 σωτηρίας,

591 1278 705 1346 ου’τ’
737 1310 812 1344 αν
839 1290 1013 1390 φίλον
1038 1306 1146 1342 ποτ
1193 1279 1383 1362 ανὸρα
1415 1286 1669 1361 δυσμενῆ
1690 1279 1908 1383 χθονὸς

588 1372 805 1445 θείμην
831 1368 1079 1467 ε’μαυτῷ,
1108 1372 1274 1425 τοῦτο
1297 1362 1661 1464 γιγνώσκων,
1690 1363 1777 1426 ότι

592 1448 690 1529 ἥδ’
722 1446 927 1511 ἐστὶν
897 1476 938 1547 η
967 1447 1246 1524 σώζουσα,
1273 1450 1373 1507 καὶ
1395 1445 1605 1526 ταύτης
1632 1450 1724 1508 ε’πι

596 1536 861 1615 πλέοντες
887 1526 1074 1611 ὀρθῆς
1099 1555 1231 1601 τους
1257 1533 1463 1606 φίλους
1489 1527 1838 1606 ποιούμεθα.

2220 968 2330 1044 41⁹

144 1743 266 1798 Ἇὸ
465 1731 741 1797 Τούτων
781 1727 980 1793 οὐδὲν
1015 1733 1329 1808 Αἰσχίνης
1373 1723 1510 1789 εἶπε
1558 1724 1723 1805 πρὸς
1764 1722 1969 1789 αὑτὸν
2011 1728 2084 1788 ἐν
2126 1734 2226 1812 τῇ

286 1835 624 1913 πρεσβεία,
652 1824 786 1892 ἀλλ’
817 1825 964 1890 ἀντὶ
988 1824 1110 1907 μὲν
1135 1831 1250 1906 τῆς
1286 1822 1541 1897 πόλεως
1564 1820 1687 1904 τὴν
1729 1828 2065 1886 Φιλίππου
2101 1826 2207 1898 ξε-

287 1933 442 1992 νίαν
466 1928 574 1990 καὶ
602 1932 834 2010 φιλίαν
857 1931 1082 2008 πολλῷ
1107 1926 1372 2005 μείζονα
1398 1918 1695 2002 ἡγήσατο
1734 1917 1918 2005 αὐτῷ
1950 1922 2058 1983 καὶ
2082 1929 2197 1985 λυ-

233 2105 238 2108 ,
289 2026 779 2109 σιτελεστέραν,
821 2026 1161 2105 ἐρρῶσθαι
1188 2018 1401 2085 πολλὰ
1429 2015 1688 2101 φράσας
1711 2024 1803 2105 τῷ
1840 2024 2030 2103 σοφῷ
2063 2026 2204 2083 Σο-

286 2123 555 2208 φοκλεῖ,
603 2120 724 2206 τὴν
761 2123 831 2187 δὲ
867 2120 1032 2204 ἄτην
1065 2118 1246 2201 ὁρῶν
1285 2124 1672 2199 στείχουσαν
1698 2114 1898 2200 ὁμοῦ,
1943 2114 2066 2199 τὴν
2103 2120 2205 2182 ἐπὶ

287 2226 561 2297 Φωκέας
590 2225 970 2304 στρατείαν,
1019 2215 1101 2283 οὐ
1138 2230 1451 2298 προεῖπεν
1489 2214 1644 2281 οὐδὲ
1678 2215 2203 2299 προεξήγγειλεν,

283 2318 451 2385 αλλα
491 2317 892 2384 τουναντίον
925 2320 1303 2394 συνέκρυψε
1345 2316 1455 2377 καὶ
1490 2316 1858 2394 συνέπραξε
1901 2315 2008 2375 καὶ
2049 2336 2210 2386 τους

154 2433 264 2487 249
281 2422 739 2504 βουλομένους
765 2422 970 2481 εἰπεῖν
996 2411 1431 2491 διεκώλυσεν,
1481 2435 1602 2473 ουκ
1630 2405 2079 2491 αναμνησθεὶς
2105 2405 2206 2471 ότι

282 2515 396 2601 ἥδ
422 2518 599 2582 ἐστὶν
622 2513 661 2598 ἡ
692 2515 994 2591 σώζουσα
1036 2513 1146 2575 καὶ
1170 2509 1416 2590 ταύτης
1439 2512 1544 2571 ἔπι
1565 2513 1845 2570 τελοῦσα
1868 2532 1988 2589 μεν
2009 2502 2049 2588 ἡ
2076 2504 2204 2588 μή-

283 2642 407 2699 τηρ
444 2612 657 2679 αὐτοῦ
693 2614 804 2677 και
847 2615 1272 2693 καθαίρουσα
1308 2608 1420 2670 καὶ
1454 2606 1879 2687 καρπουμένη
1914 2601 2030 2678 τὰς
2071 2629 2205 2667 των

279 2717 645 2799 χρωμένων
671 2716 881 2785 οἰκίας
905 2712 1216 2790 ἐξέθρεψε
1239 2704 1603 2778 τοσούτους
1643 2703 1970 2783 τουτουσὶ,
2018 2700 2205 2765 διδά-

285 2834 467 2878 σκων
493 2808 551 2875 δ’
583 2807 616 2873 ὁ
644 2806 857 2891 πατὴρ
877 2831 1249 2889 γραμματα,
1282 2829 1371 2877 ως
1397 2799 1521 2882 ἐγω
1549 2827 1684 2864 των
1734 2802 2208 2883 πρεσβυτέρων

283 2909 545 2991 ακούω,
588 2905 757 2988 πρὸς
780 2930 869 2969 τω
898 2913 1020 2968 τοῦ
1041 2903 1183 2989 ἥρω
1209 2908 1333 2966 τοῦ
1371 2906 1632 2981 ἰατροῦ,
1681 2895 1858 2971 ὅπως
1902 2893 2209 2975 ἐδύνατο,

281 3005 415 3075 αλλ’
447 2998 576 3072 οὖν
599 3030 670 3069 εν
695 3002 904 3087 ταύτη
926 3027 1000 3084 γε
1028 3005 1130 3083 ἔζη
1149 3051 1166 3083 ,
1193 2994 1903 3082 υπογραμματεύοντες
1929 2993 1990 3058 δ’
2014 2990 2206 3057 αὐτοὶ

278 3110 391 3174 καὶ
413 3106 902 3189 ὑπηρετοῦντες
928 3098 1212 3175 ἁπασαις
1244 3111 1383 3173 ταῖς
1420 3094 1645 3178 ἀρχαῖς
1681 3091 2004 3175 αργύριον
2029 3089 2207 3176 εἰλή-

252 3225 517 3291 φεσαν,
535 3205 644 3268 καὶ
660 3200 732 3266 τὸ
762 3209 1138 3267 τελευταῖον
1156 3191 1263 3280 υφ’
1297 3192 1489 3279 ὑμων
1503 3204 1900 3277 γραμματεῖς
1911 3216 2207 3273 χειροτο-

277 3311 601 3391 νηθέν-τες
624 3297 732 3367 δύ
765 3306 872 3382 ἔτη
901 3296 1351 3380 διετραφησαν
1379 3296 1451 3358 εν
1474 3299 1555 3377 τῆ
1578 3289 1784 3376 θόλῳ,
1811 3285 2206 3373 πρεσβεύων

103 3478 107 3479 ff
142 3400 259 3466 :250
279 3403 339 3471 δ’
389 3401 755 3484 απέσταλτο
808 3404 937 3462 νῦν
987 3387 1181 3471 οὗτος
1230 3398 1297 3461 ἐκ
1356 3391 1611 3473 ταύτης.
1683 3387 1943 3451 τούτων
2003 3382 2209 3448 οὐδεν

271 3506 617 3583 ἐσκέψατο,
649 3495 801 3563 οὐδ’
830 3495 1012 3571 ὅπως
1038 3490 1214 3578 ὀρθὴ
1258 3489 1611 3556 πλεύσεται
1636 3488 2011 3568 προείδετο,
2063 3477 2232 3545 αλλ
