2622 4065
305 311 307 313 ¹
367 316 492 378 370
777 321 941 376 XIX.
1015 313 1849 376 ΛΗΜΟΣΘΕΝΟΤΣ

365 473 794 561 ἠτιμώσεται,
854 475 954 542 ὅτι
999 480 1239 540 τοῦτον
1282 471 1457 538 εἶδεν
1502 469 1896 558 ἀδικοῦντα,
1955 471 2165 559 τούτῳ
2215 470 2279 538 δ’

371 573 577 663 ἅθςόῳ
608 571 839 639 δώσετ’
869 573 1064 649 εἷναις
1112 567 1220 636 διὰ
1243 576 1313 635 τί
1320 599 1336 649 3
1382 576 1440 636 εἰ
1471 567 1598 654 γὰρ
1639 571 1815 655 παρὰ
1848 577 1985 635 τῶν
2010 577 2098 646 εἰς
2128 572 2283 635 ἐαυ-

276 676 281 681 ’
370 669 531 749 τοὺς
571 670 1070 756 ἐξαμαρτόντων
1102 668 1505 753 τηλικαύτην
1540 666 1775 751 ἠξίωσε
1824 673 2017 751 δίκην
2051 674 2284 750 Αἰσχί-

371 798 491 854 νης
534 778 799 855 λαβεῖν,
848 768 1024 851 παρὰ
1066 774 1204 833 τῶν
1241 773 1332 843 εἰς
1373 763 1452 831 τὰ
1488 772 1602 849 τῆς
1648 765 1894 840 πόλεως
1936 760 2281 847 τηλικαῦθ’

336 866 867 953 -ἡμαρτηκότων,
909 860 1004 932 ὦν
1040 864 1129 942 εἷς
1168 858 1364 941 οὗτος
1401 863 1495 930 ὢν
1531 864 1955 946 ἐξελέγχεται,
2003 868 2287 945 πηλίκην

370 963 542 1050 ὑμᾶς
564 967 885 1050 προσήκει
899 973 1125 1050 λαβεῖν
1142 961 1297 1039 τούς
1313 961 1739 1046 ὀμωμοκότας
1753 965 1861 1027 καὶ
1877 961 2253 1039 δικάζοντας
2268 987 2283 1036 ;

248 1080 352 1135 285
372 1063 452 1149 νὴ
478 1063 617 1149 Δί’,
643 1070 709 1131 οἱ
727 1067 869 1131 νέοι
891 1063 1018 1147 γαρ
1042 1063 1199 1145 ἡμῖν
1224 1058 1296 1126 δι’
1329 1063 1585 1126 ἐκεῖνον
1609 1065 1869 1125 ἔσονται
1902 1055 2022 1125 τὸν
2056 1055 2283 1140 ἀγῶνα

373 1169 691 1247 βελτίους.
756 1160 1007 1228 οὐκοῦν
1032 1164 1140 1225 καὶ
1165 1158 1272 1224 διὰ
1306 1159 1502 1226 τόνδε
1526 1163 1592 1224 οἶ
1628 1157 2158 1240 πολιτευόμενοι,
2208 1160 2292 1220 δι’

377 1252 473 1326 ὦν
495 1257 575 1326 τὰ
598 1264 871 1344 μέγιστα
893 1258 1356 1325 κινδυνεύεται
1375 1267 1457 1341 τῇ
1480 1257 1696 1322 πόλει·
1745 1256 2063 1340 προσήκει
2090 1254 2157 1319 δὲ
2180 1253 2288 1317 καὶ

374 1358 633 1424 τούτων
667 1363 1056 1442 φροντίζειν.
1117 1361 1229 1422 ἵνα
1263 1362 1496 1422 τοίνυν
1532 1351 1736 1438 εἰδῆθ’
1767 1351 1868 1418 ὅτι
1903 1353 2012 1417 καὶ
2045 1357 2288 1416 τοῦτον

378 1453 699 1538 ἀπώλεσε,
723 1454 844 1521 τὸν
873 1462 1225 1537 Τίμαρχον,
1271 1451 1353 1517 οὐ
1378 1453 1466 1535 μα
1490 1453 1604 1517 Δί’
1633 1450 1777 1535 οὐχὶ
1796 1458 1929 1516 τῶν
1952 1447 2287 1533 ὑμετέρων

376 1559 667 1636 παίδων,
713 1551 889 1629 ὅπως
913 1558 1174 1617 ἔσονται
1198 1550 1575 1634 σώφρονες,
1620 1555 1931 1631 προορῶν
1966 1547 2116 1631 (εἰσὶ
2136 1544 2285 1627 γὰρ,
2304 1562 2408 1615 433

379 1644 434 1717 οἷ
459 1651 697 1733 ἄνδρες
717 1649 1082 1733 Ἀθηναῖοι,
1123 1650 1234 1713 καὶ
1257 1656 1388 1712 νῦν
1412 1646 1784 1731 σώφρονες·
1846 1642 1932 1729 μὴ
1957 1644 2083 1729 γὰρ
2110 1642 2285 1707 οὕτω

373 1753 630 1833 γένοιτο
657 1775 873 1824 κακως
907 1754 986 1833 τῇ
1031 1746 1221 1812 πόλει
1256 1743 1422 1809 ω’στε
1446 1741 1816 1827 Ἀφοβήτου
1840 1743 1946 1807 καὶ
1968 1746 2288 1822 Αἰσχίνου

213 1874 218 1878 ·
250 1863 356 1921 286
378 1866 856 1930 σωφρονιστων
881 1850 1206 1963 δεηθῆναι
1226 1841 1383 1918 τοὺς
1406 1842 1820 1924 νεωτέρους),
1839 1835 1970 1904 ἀλλ’
2000 1837 2100 1902 ὅτι
2123 1843 2290 1920 βου-
2348 1839 2350 1841 ’

377 1945 598 2010 λευων
621 1948 926 2026 ἔγραψεν,
966 1942 1052 2006 ἄν
1075 1968 1170 2017 τις
1195 1968 1281 2017 ως
1305 1948 1640 2006 Φίλιππον
1675 1936 1845 2003 οπλα
1881 1934 2064 2017 ἄγων
2087 1932 2220 2017 ἁλῷ
2246 1927 2288 2016 ἢ

386 2043 593 2127 σκεύη
629 2068 968 2127 τριηρικα,
1013 2041 1319 2107 θανατον
1356 2038 1520 2104 εἶναι
1556 2037 1676 2121 τὴν
1702 2040 1949 2119 ζημίαν.
2019 2046 2289 2116 σημεῖον

382 2145 487 2208 δέ·
535 2139 752 2205 πόσον
774 2165 900 2223 γαρ
939 2139 1333 2224 ἐδημηγόρει
1365 2137 1613 2221 χρόνον
1643 2142 1997 2219 Τίμαρχος;
2050 2131 2285 2196 πολύν.

380 2237 633 2306 ουκοῦν
666 2265 909 2305 τουτον
950 2266 1038 2323 ην
1059 2243 1374 2321 Αἰσχίνης
1416 2235 1677 2300 α’παντα
1720 2237 1792 2297 ἐν
1812 2240 1889 2318 τῇ
1914 2231 2132 2311 πόλει,
2179 2228 2288 2292 καὶ

381 2335 804 2404 οὐδεπωποτε
838 2334 1295 2420 ηγανακτησεν
1337 2331 1492 2397 οὐδε
1538 2328 1760 2396 δεινὸν
1795 2327 2082 2412 ἡγήσατο
2124 2324 2291 2390 εἶναι

379 2434 453 2500 τὸ
479 2444 767 2520 πρᾶγμα,
795 2440 855 2500 εἰ
878 2432 910 2501 ὁ
935 2440 1232 2507 τοιοῦτος
1254 2433 1446 2513 λέγει,
1470 2430 1592 2505 ἕως
1616 2432 1704 2503 εἰς
1726 2428 2159 2492 Μακεδονίαν
2183 2424 2292 2486 ἐλ-

379 2530 533 2598 θών
566 2529 806 2598 ἑαυτὸν
839 2534 1229 2614 ἐμίσθωσεν.
1299 2531 1447 2611 λέγε
1486 2527 1568 2611 δή
1590 2551 1702 2609 μοι
1732 2523 1804 2588 τὸ
1840 2520 2146 2606 ψήφισμα
2168 2526 2293 2585 λα·-

381 2629 528 2717 βών
555 2628 717 2696 αὐτὸ
743 2629 816 2694 τὸ
844 2638 968 2694 τοῦ
998 2629 1354 2711 Τιμάρχου.

1109 2781 1570 2841 ΨΗΦΙΣΜΑ.

257 2948 363 3002 287
542 2928 609 2995 Ο
646 2955 767 3012 μεν
802 2932 1033 2991 τοίνυν
1056 2924 1221 3005 ὑπερ
1260 2950 1454 3007 υμων
1488 2921 1746 3005 γραψας
1774 2916 1861 3001 μὴ
1888 2940 2074 2997 αγειν
2110 2916 2181 2977 ἐν
2202 2919 2295 2995 τῷ

383 2993 650 3115 πολέμςο
669 3025 833 3109 πρὸς
859 3032 1191 3090 Φίλιππον
1217 3020 1413 3105 όπλα,
1432 3024 1489 3084 εἰ
1511 3019 1580 3084 δε
1603 3016 1714 3100 μὴ,
1733 3012 2005 3099 θανατω
2025 3016 2292 3094 ζημιοῦ-

382 3138 565 3210 σθαι,
591 3124 891 3190 απόλωλε
915 3126 1024 3188 και
1046 3120 1381 3206 ὕβρισται·
1420 3115 1454 3184 ὁ
1479 3119 1548 3183 δε
1571 3116 1677 3181 καὶ
1698 3140 1778 3178 τα
1802 3137 1935 3177 των
1957 3106 2292 3193 υμετέρων

382 3246 747 3351 συμμαχων
787 3222 957 3289 ὅπλα
1001 3226 1225 3287 ἐκείνω
1271 3211 1612 3303 παραδους
1651 3210 1876 3278 οὑτοσὶ
1921 3204 2288 3290 κατηγόρει,

380 3325 493 3391 καὶ
517 3323 664 3405 περὶ
689 3326 998 3403 πορνείας
1024 3325 1263 3402 ἔλεγεν,
1293 3345 1342 3383 ω
1367 3324 1454 3400 γῆ
1475 3316 1581 3380 καὶ
1605 3312 1786 3393 θεοὶ,
1814 3313 2006 3373 δυοιν
2025 3331 2147 3388 μεν
2169 3328 2292 3416 κη’-

385 3428 649 3488 δεσταῖν
674 3417 1232 3500 παρεστηκότοιν,
1257 3414 1373 3492 οὓς
1405 3414 1657 3486 ἰδόντες
1682 3435 1765 3473 αν
1789 3403 1972 3488 υμεῖς
1995 3398 2250 3481 ανακρα

383 3545 562 3605 γοιτε
576 3570 595 3603 ,
640 3524 887 3584 Νικίου
911 3542 979 3582 τε
1003 3524 1126 3582 τοῦ
1147 3519 1512 3600 βδελυρου,
1561 3507 1634 3585 ὃς
1656 3501 1896 3571 ἑαυτὸν
1920 3505 2289 3584 ἐμίσθωσεν
