2622 4065
396 308 521 367 300
816 310 957 363 XIX.
1024 305 1859 368 ΔΗΜΟΣΘΕΝΟΥΣ

399 469 511 554 καὶ
575 466 938 550 διαρρήδην
1006 463 1327 546 ἀπολογία
1390 468 1807 550 γεγραμμένη
1862 478 1997 535 τῶν
2054 468 2311 549 τούτοις

399 563 898 649 ἡμαρτημένων.
970 558 1226 644 καὶγὰρ
1252 557 1340 636 οἱς
1366 561 1564 639 αὐτὸς
1588 566 2044 633 κατεκώλυσεν
2065 567 2310 646 αὐτούς

403 661 853 747 βουλομένους
874 660 979 723 ἐπὶ
1001 657 1113 734 τὰς
1136 659 1358 735 πόλεις
1381 661 1549 725 ἰέναι
1571 663 1679 726 καὶ
1701 661 1856 739 τοῦς
1877 662 2120 748 ὅρκους
2142 666 2312 734 ἄπο-

405 760 799 845 λαμβάνειν,
830 763 1072 842 ἔνεστι,
1097 760 1206 824 καὶ
1231 754 1347 840 ὡς,
1371 763 1482 823 ἵνα
1505 762 2105 830 συνδιαλλάττωσιν
2130 763 2314 852 αὐτῷ

401 854 794 934 τοῦςἉλέας
812 854 978 941 πρὸς
1011 856 1168 932 τοὺς
1192 863 1639 940 Φαρσαλίους,
1687 862 1997 942 κατέσχεν
2033 860 2311 941 αὐτούς·

316 987 393 1040 37
403 958 514 1021 καὶ
550 954 771 1019 πάντα
808 952 1288 1037 ἀναδεχόμενος
1325 957 1433 1020 καὶ
1471 962 1559 1032 είς
1589 954 1795 1022 αὑτὸν
1818 960 2213 1044 ποιούμενος
2234 986 2316 1025 τα

402 1053 663 1120 τούτων
702 1050 1137 1138 αμαρτήματα
1173 1054 1365 1117 ἐστιν.
1433 1050 1599 1134 ὑπερ
1638 1053 1708 1118 δὲ
1732 1060 2021 1121 Φωκεων
2055 1061 2164 1122 καὶ
2189 1064 2319 1122 Θε-

405 1154 653 1217 σπιέων
686 1145 730 1233 ἢ
765 1177 862 1213 ων
898 1152 1090 1225 οὗτος
1127 1148 1498 1232 ἀπήγγελλε
1533 1151 1716 1233 πρὸς
1730 1151 1938 1236 ὑμας,
1985 1152 2134 1220 ἀλλ’
2159 1153 2318 1222 ουδὲ

401 1247 705 1332 μικρόν.
730 1249 839 1312 καὶ
873 1254 1067 1312 τοῦτο
1104 1272 1228 1313 ουκ
1254 1244 1381 1312 απὸ
1409 1272 1826 1330 ταυτοματου
1851 1258 2090 1318 τοῦτον
2112 1252 2317 1335 ἐπρα-

403 1356 533 1430 χθη
557 1343 675 1411 τὸν
698 1345 950 1427 τρόπον
966 1395 982 1426 ,
1033 1342 1178 1410 αλλ’
1209 1342 1376 1424 ὑπὲρ
1400 1371 1521 1428 μεν
1546 1371 1642 1408 ων
1665 1369 1839 1430 παρα
1863 1349 2121 1414 τούτων
2144 1346 2319 1433 ὑμᾶς

403 1448 537 1508 ἔδει
574 1447 763 1525 δίκην
802 1441 1162 1526 λαμβανειν
1197 1440 1277 1507 οὐ
1318 1443 1773 1525 πεποιηκότων
1810 1443 1966 1511 οὐδε
1989 1445 2318 1531 διῳκηκό-

403 1567 538 1606 των
583 1531 784 1606 ουδεν
831 1566 926 1604 ων
973 1537 1157 1624 ὑμεῖς
1202 1540 1641 1621 προσεταξατε
1683 1568 1753 1606 εν
1796 1568 1885 1607 τω
1922 1551 2310 1629 ψηφίσματι,

402 1642 652 1715 ἐκεῖνος
699 1641 1023 1721 ἐκδέχεται
1067 1636 1187 1720 τὴν
1236 1642 1451 1703 αἰτίαν
1492 1644 1607 1703 καί
1637 1659 1839 1723 φησιν
1877 1639 2076 1718 αὐτὸς
2108 1651 2315 1718 αἴτιος

402 1741 838 1820 γεγενῆσθαι,
868 1731 947 1800 ὃν
973 1732 1096 1799 οὐκ
1122 1731 1425 1816 ἐμέλλεθ’
1450 1732 1653 1818 ὑμεῖς,
1679 1735 1876 1819 οἶμαι,
1903 1738 2316 1822 δυνήσεσθαι

318 1862 387 1916 38
405 1833 718 1918 κολασαι,
766 1861 805 1897 α
846 1831 913 1897 δ
949 1835 1195 1908 ἐκεῖνος
1232 1834 1630 1917 ἐξαπατῆσαι
1663 1837 1772 1898 καὶ
1807 1842 2167 1919 προλαβεῖν
2202 1842 2317 1918 τῆς

404 1931 658 2007 πόλεως
682 1930 1026 2027 ἐβούλετο,
1053 1933 1247 2005 οὑτος
1272 1928 1695 2013 ἀπήγγειλεν,
1732 1934 1843 2012 ίνα
1866 1930 2019 2014 μηδ’
2049 1934 2319 2013 ἐγκαλέ-

402 2053 513 2097 σαι
550 2029 713 2116 μηδε
751 2031 1138 2115 μέμψασθαι
1176 2031 1381 2113 μηδεν
1417 2026 1699 2111 ὕστερον
1737 2025 1922 2113 ὑμεῖς
1953 2035 2155 2113 ἔχοιτε
2192 2038 2317 2094 Φι-
2334 2043 2441 2097 353

401 2137 655 2215 λίππςο,
701 2125 850 2212 μήτ’
889 2130 963 2193 ἐν
1000 2130 1313 2212 ἐπιστολῇ
1347 2123 1496 2209 μήτ’
1544 2124 1785 2190 ἄλλοθι
1827 2131 2136 2209 μηδαμοῦ
2179 2132 2317 2195 τῶν

400 2225 558 2311 παρ’
597 2230 856 2293 ἐκείνου
894 2226 1152 2291 τούτων
1189 2224 1501 2290 ἐνόντων.
1569 2225 1716 2305 λέγε
1752 2221 1815 2288 δ’
1857 2221 2080 2298 αὐτοῖς
2105 2221 2318 2307 αὐτὴν

400 2326 524 2409 τὴν
558 2324 941 2408 ἐπιστολὴν,
988 2321 1072 2406 ἣν
1098 2329 1342 2404 ἔγραψε
1368 2321 1489 2402 μὲν
1513 2312 1707 2395 οὗτος
1724 2369 1740 2400 ,
1788 2325 2034 2402 ἔπεμψε
2057 2317 2118 2382 δ’
2146 2322 2319 2384 ἐκεῖ-

402 2448 547 2498 νος·
596 2422 705 2486 καὶ
732 2418 1037 2485 σκοπεῖθ’
1070 2417 1170 2483 ὅτι
1192 2425 1433 2482 τοῦτον
1458 2421 1585 2498 ἔχει
1606 2415 1726 2479 τὸν
1746 2413 2015 2497 τρόπον,
2042 2412 2121 2480 ὃν
2146 2419 2319 2492 διεξ-

311 2517 313 2519 ’
401 2516 688 2605 ελήλυθ’
721 2518 870 2600 ἐγώ.
916 2519 1080 2598 λε’γε.

1115 2637 1619 2748 ΕΠΙΣΤΟΛΗἈ

538 2814 903 2896 Ἀκούετε,
951 2839 1000 2876 ω
1028 2811 1264 2888 ανδρες
1279 2809 1655 2934 Ἀθηναῖοι,
1693 2813 1807 2890 τῆς
1831 2809 2204 2887 ἐπιστολῆς,
2233 2828 2321 2878 ως

402 2911 568 2997 καλὴ
597 2915 705 2977 καὶ
731 2910 1225 2993 φιλανθρωπος.
1297 2910 1444 2991 περὶ
1470 2906 1539 2972 δε
1567 2907 1856 2971 Φωκέων
1878 2899 1921 2988 ἦ
1947 2907 2254 2987 Θηβαίων
2276 2897 2320 2983 ἢ

400 3038 539 3077 των
574 3010 802 3076 ἄλλων
841 3036 936 3074 ων
977 3010 1172 3083 οὗτος
1211 3003 1640 3089 απήγγειλεν,
1690 3001 1845 3069 ουδὲ
1867 3007 2016 3084 γρῦ.
2080 3022 2321 3081 ταυτης

400 3117 630 3176 τοίνυν
668 3105 818 3173 οὐδ’
857 3104 1089 3172 ὁτιοῦν
1125 3101 1272 3170 ἐσθ’
1319 3102 1509 3187 ὑγιές.
1601 3103 1708 3166 καὶ
1743 3097 1926 3165 τοῦτ
1967 3095 2200 3161 αυτίκα
2238 3093 2316 3177 δὴ

399 3209 576 3293 μαλα
602 3204 786 3290 ὑμεῖς
813 3204 1082 3284 ὄψεσθε.
1154 3207 1221 3268 οἰ
1238 3229 1361 3287 μεν
1380 3226 1505 3285 γαρ
1520 3197 1725 3274 Λλεῖς
1742 3248 1758 3280 ,
1810 3193 1925 3272 οὓς
1946 3199 2056 3259 ίνα
2085 3196 2320 3257 συνδι-

400 3307 732 3373 αλλάτωσι
764 3317 1111 3386 κατασχεῖν
1146 3324 1308 3387 φησι
1341 3325 1651 3381 τουτους,
1698 3294 2000 3376 τοιαύτης
2043 3289 2317 3371 τετυχή-

398 3427 555 3473 κασι
579 3410 934 3486 διαλλαγῆς
961 3398 1116 3465 ὥστ’
1150 3399 1568 3482 ἐξελήλανται
1591 3396 1699 3460 καὶ
1723 3391 2086 3462 αναστατος
2109 3384 2146 3469 ἡ
2187 3385 2316 3450 πό-

400 3515 498 3582 λις
525 3503 749 3593 αυτῶν
771 3506 1035 3594 γέγονε·
1094 3496 1252 3573 τοὺς
1276 3495 1333 3561 δ
1370 3493 1819 3579 αἰχμαλώτους
1871 3514 1904 3553 ο
1961 3504 2230 3551 σκοπων
2253 3486 2321 3548 τί

311 2861 382 2912 39
