2622 4065
385 262 510 324 250
788 267 977 322 xvm.
1052 263 1887 325 ΛΗΜοΣοΕΝοΤΣ
1978 228 1982 231 ’

381 418 605 513 ἡμῶν,
652 419 816 489 ἄλλα
854 424 962 487 καὶ
999 422 1266 485 πάντων
1301 429 1436 485 τῶν
1460 421 2029 507 ἄλλωνἙλλήνων
2050 431 2285 511 μείζων

288 598 291 599 ⁷
381 521 635 603 γέγονε,
653 526 719 585 τί
733 519 851 606 χρὴ
875 534 1115 596 ποιεῖν;
1145 516 1363 600 ὥσπερ
1390 515 1474 582 o'c'v
1500 528 1562 584 εἴ
1576 545 1672 596 τις
1694 521 2074 606 ναύκληρον
2097 520 2283 589 πάντ’
2300 533 2404 586 293

385 619 489 682 ἐπὶ
527 627 813 704 σωτηρία
851 616 1221 700 πράξαντα,
1267 616 1376 679 καὶ
1414 625 1573 679 πᾶσι
1609 619 2190 683 κατασκευάσαντα
2210 617 2286 685 τὸ

385 723 620 780 πλοῖον
643 713 763 797 άφ’
792 707 887 779 οἷν
910 711 1336 796 ὑπελάμβανε
1362 714 1823 797 σωθήσεσθαι,
1867 715 2000 780 εἶτα
2019 723 2289 799 χειμῶνι

387 812 806 894 χρησάμενον
845 815 954 876 καὶ
991 811 1430 893 πονησάντων
1466 810 1646 896 αύτῷ
1677 820 1811 876 τῶν
1835 823 2095 879 σκευῶν
2117 810 2158 898 ἢ
2182 816 2289 878 καὶ

387 912 876 992 συντριβέντων
901 908 1101 988 ὅλως,
1146 916 1259 992 τῆς
1282 916 1600 990 ναυαγίας
1625 918 1902 996 αἰτιῷτο.
1970 910 2112 976 ἀλλ’
2144 906 2287 975 οὔτ’

388 1007 767 1088 ἐκυβέρνων
790 1003 909 1087 τὴν
935 1013 1138 1085 ναῦν,
1168 1006 1440 1088 φήσειεν
1464 1002 1577 1088 ἄν,
1627 1006 1842 1090 ὥσπερ
1880 1006 2028 1072 οὐδ’
2057 1011 2292 1089 ἐστρα-

386 1104 636 1187 τήγουν
659 1100 806 1185 ἐγω,
836 1101 989 1166 οὔτε
1014 1110 1124 1184 τῆς
1144 1102 1343 1183 τύχης
1367 1101 1591 1183 κύριος
1613 1095 1717 1185 ἦν,
1744 1101 1887 1167 ἀλλ’
1918 1107 2128 1186 ἐκείνη
2154 1112 2289 1167 τῶν

271 1216 368 1272 195
388 1200 676 1265 πάντων.
724 1198 871 1265 ἀλλ’
895 1204 1103 1264 ἐκεῖνο
1129 1204 1388 1313 λογίζου
1412 1201 1519 1262 καὶ
1543 1198 1694 1282 ὅρα,
1722 1205 1779 1262 εί
1798 1197 1957 1281 μετὰ
1984 1206 2290 1283 Θηβαίων

384 1296 542 1382 ημῖν
589 1296 1089 1381 ἀγωνιζομένοις
1134 1295 1343 1370 ούτως
1388 1299 1649 1378 εἵμαρτο
1695 1299 1963 1378 πρᾶξαι,
2022 1304 2088 1359 τί
2124 1303 2289 1378 χρῆν

306 1441 319 1449 „.
387 1399 804 1478 προσδοκᾶν,
835 1402 891 1459 εί
913 1393 1072 1476 μηδε
1097 1394 1300 1457 τούτο
1303 1419 1374 1468 υς
1401 1398 1686 1509 ἔσχομεν
1694 1393 2093 1477 συμμάχους,
2122 1392 2290 1459 ἄλλα

391 1500 694 1577 Φιλίππῳ
754 1492 1161 1615 προσέθεντο
1179 1540 1195 1571 ,
1262 1486 1427 1572 υπὲρ
1487 1492 1567 1553 οῦ
1611 1487 1748 1554 τότ’
1795 1494 2036 1566 ἐκεῖνος
2079 1492 2291 1567 πάσας

390 1588 607 1674 ἀφῆκε
631 1589 887 1673 φωνάς;
932 1616 1040 1653 και
1065 1595 1122 1652 εί
1144 1594 1272 1652 νῦν
1295 1607 1496 1668 τριων
1518 1584 1783 1670 ἡμερων
1809 1585 1934 1651 άπὸ
1959 1595 2072 1670 τῆς
2090 1586 2292 1652 Ἀττι·

388 1696 507 1770 κῆς
541 1685 703 1752 ὁδὸν
740 1695 853 1770 τῆς
888 1686 1093 1770 μάχης
1127 1687 1485 1768 γενομένης
1518 1692 1828 1760 τοσοῦτος
1851 1690 2160 1762 κίνδυνος
2182 1688 2290 1750 καὶ

389 1787 597 1869 φόβος
631 1788 930 1869 περιέστη
966 1782 1087 1867 τὴν
1125 1783 1353 1866 πόλιν,
1400 1790 1468 1848 τί
1495 1778 1609 1864 ἄν,
1656 1792 1722 1846 εἴ
1748 1806 1879 1846 που
1921 1791 2033 1866 τῆς
2074 1781 2290 1865 χώρας

385 1881 585 1947 ταύτό
624 1892 820 1948 τοῦτο
859 1882 1075 1956 πάθος
1120 1884 1396 1964 συνέβη,
1443 1883 1889 1962 προσδοκῆσαι
1931 1886 2129 1962 χρῆν;
2177 1872 2287 1960 ἆρ’

390 1978 572 2047 οἷσθ’
620 1979 721 2046 ὄτι
765 1988 896 2046 νῦν
939 2005 1059 2064 μεν
1104 1986 1366 2062 στῆναι,
1414 1986 1797 2059 συνελθεῖν,
1858 1975 2285 2061 ἀναπνεῦσαι,

388 2077 611 2178 πολλα
637 2083 752 2160 μία
787 2075 997 2161 ἡμέρα
1020 2079 1126 2141 καὶ
1154 2077 1273 2140 δύο
1299 2077 1408 2140 καὶ
1432 2089 1600 2157 τρεῖς
1622 2079 1859 2139 ἔδοσαν
1884 2101 2018 2139 των
2042 2081 2130 2151 είς
2154 2096 2288 2139 σω-

385 2183 618 2261 τηρίαν
642 2183 723 2261 τῇ
747 2177 951 2259 πόλει,
978 2175 1124 2239 τότε
1149 2172 1210 2239 δ’
1215 2214 1328 2256 -,
1357 2171 1479 2238 οὐκ
1506 2173 1689 2249 ἄξιον
1714 2171 1994 2254 εἰπεῖν,
1966 2171 2008 2235 ά
2030 2198 2103 2253 γε
2127 2172 2288 2254 μηδε

384 2287 621 2368 πειραν
645 2279 845 2338 ἔδωκε
869 2281 1055 2337 θεων
1088 2271 1266 2346 τινὸς
1304 2269 1530 2335 εὐνοία
1567 2273 1673 2334 καὶ
1708 2279 1799 2334 τῶ
1838 2273 2288 2352 προβαλέσθαι

383 2370 506 2452 τὴν
529 2369 725 2433 πόλιν
747 2369 997 2450 ταύτην
1020 2366 1142 2449 τὴν
1167 2373 1538 2450 συμμαχίαν
1554 2418 1570 2449 ,
1597 2359 1675 2448 ἧς
1702 2366 1785 2429 σῦ
1808 2380 2204 2448 κατηγορεῖς.

269 2484 366 2540 196
543 2465 723 2529 Ἐστι
760 2465 830 2529 δε
866 2467 1051 2529 ταυτὶ
1090 2465 1303 2528 πάντα
1329 2489 1470 2546 μοι,
1517 2490 1593 2527 τα
1619 2462 1860 2543 πολλα,
1910 2486 2071 2545 προς
2095 2459 2282 2544 ὑμας,

389 2555 441 2628 c5
486 2562 724 2645 ἄνδρες
768 2563 1095 2643 δικασταὶ,
1143 2564 1251 2625 καὶ
1293 2559 1449 2635 τοὺς
1497 2560 1996 2644 περιεστηκότας
2039 2564 2286 2635 ἔξωθεν

294 2687 296 2690 ·
384 2663 495 2727 καὶ
533 2659 1027 2742 ἀκροωμένους,
1076 2661 1211 2723 ἐπεὶ
1245 2657 1410 2739 πρός
1444 2683 1517 2739 γε
1549 2664 1789 2720 τοῦτον
1811 2654 1930 2719 τὸν
1952 2656 2286 2719 κατάπτυ-
2352 2675 2356 2680 ’

358 2751 546 2824 -στον
581 2755 831 2841 βραχὺς
865 2760 974 2821 καὶ
1011 2754 1227 2839 σαφὴς
1262 2756 1514 2837 ἐξήρκει
1549 2753 1757 2835 λόγος.
1825 2758 1883 2815 εί
1902 2755 2022 2833 μὲν
2054 2753 2179 2831 γάρ
2204 2743 2287 2833 ἦν

385 2856 491 2921 σοὶ
514 2853 814 2935 πρόδηλα
838 2853 916 2917 τὰ
941 2857 1260 2935 μέλλοντα
1276 2903 1293 2935 ,
1332 2857 1606 2933 Αἰσχίνη
1623 2901 1640 2933 ,
1688 2849 1868 2934 μόνῳ
1893 2856 2026 2912 τῶν
2050 2848 2286 2930 ἄλλων,

385 2950 487 3017 ὅτ’
515 2948 905 3034 ἐβουλεύεθ’
930 2947 970 3033 ἡ
998 2949 1184 3024 πόλις
1210 2950 1358 3029 περὶ
1381 2946 1666 3027 τούτων,
1709 2942 1846 3010 τότ’
1888 2949 2016 3008 ἔδει
2052 2945 2290 3026 προλέ-

382 3075 527 3132 γειν
546 3071 558 3082 ·
608 3055 668 3114 εί
688 3048 759 3113 δὲ
778 3045 865 3132 μὴ
892 3047 1231 3133 προῄδεις,
1257 3053 1372 3127 τῆς
1388 3042 1591 3126 αὐτῆς
1614 3041 1880 3125 άγνοίας
1904 3037 2289 3115 ὑπεύθυνος

385 3146 447 3212 εἶ
462 3160 597 3223 τοῖς
618 3145 870 3229 ἄλλοις,
922 3144 1089 3210 ὥστε
1124 3152 1187 3209 τί
1209 3150 1463 3226 μᾶλλον
1486 3144 1648 3224 ἐμοῦ
1670 3138 1754 3203 σύ
1778 3145 1982 3203 ταῦτα
2006 3161 2290 3219 κατηγο-
2305 3150 2409 3203 294

261 3259 364 3313 197
383 3256 516 3326 ρεῖς
551 3238 595 3326 ἦ
631 3240 756 3325 ἐγώ
796 3250 951 3319 σοῦ;
991 3249 1315 3308 τοσοῦτον
1337 3238 1463 3322 γὰρ
1491 3236 1777 3322 άμείνων
1798 3233 1925 3319 ἐγώ
1952 3242 2075 3300 σοῦ
2098 3240 2288 3298 πολί-

377 3368 493 3425 της
515 3342 760 3423 γέγονα
800 3344 889 3414 είς
923 3336 1089 3402 αὐτοὶ
1114 3335 1317 3402 ταῦθ’
1346 3334 1386 3401 ἃ
1410 3340 1575 3419 λέγω
1614 3335 1749 3421 (καὶ
1772 3332 1959 3399 οῦπω
1986 3332 2289 3409 περὶτῶν

380 3438 604 3503 ἄλλων
641 3439 1083 3518 διαλέγομαι),
1129 3433 1289 3499 ὅσον
1326 3433 1448 3517 ἐγω
1486 3432 1607 3517 μὲν
1641 3436 1854 3496 ἔδωκα
1888 3425 2176 3510 ἐμαυτὸν
2199 3430 2288 3501 εἰς
